3025 5067
1307 421 1426 480 135

355 623 640 687 Platonis
687 626 1208 688 commorationem
1259 627 1322 688 in
1369 627 1553 689 huius
1613 626 1753 689 aula
1798 633 2087 710 tanquam
2144 651 2353 712 parum

353 741 755 805 honorificam
802 742 1044 805 silentio
1083 743 1450 828 praeteriret.
1522 741 1658 806 Nisi
1705 745 2071 808 contrarium
2116 746 2228 809 hac
2276 746 2353 810 de

353 882 426 922 re
469 867 733 923 exstaret
777 861 1188 925 testimonium
1242 861 1428 944 (Plut.
1476 860 1658 925 Dion.
1712 865 1825 946 5.),
1861 862 2128 926 crederes
2160 872 2360 949 tyran-

355 1001 510 1041 num
557 978 800 1042 Platoni
843 1002 920 1042 ne
964 980 1028 1042 in
1074 986 1458 1064 conspectum
1513 979 1757 1063 quidem
1804 981 2054 1045 venisse.
2151 963 2356 1046 Unum

355 1104 791 1161 commemorat
835 1097 1125 1175 Dionem,
1174 1098 1348 1162 cuius
1393 1099 1704 1182 ingenium
1754 1098 1977 1176 docile,
2026 1101 2208 1164 animi
2253 1101 2357 1164 ho-

354 1222 685 1293 nestatem,
733 1217 1126 1301 fragilitatem
1174 1225 1234 1281 et
1279 1217 1710 1281 continentiam
1750 1219 1962 1284 eximie
1992 1219 2229 1296 laudat,
2278 1221 2355 1284 ob

354 1355 512 1416 quas
576 1335 828 1397 virtutes
845 1383 863 1412 ,
927 1335 1045 1412 ait,
1105 1334 1527 1415 ἐπαχθέστερον
1585 1341 1701 1406 τοῖς
1754 1337 1878 1416 περὶ
1930 1337 2013 1401 τὰ
2055 1337 2357 1416 τυραννικαὶ

352 1452 582 1530 νόμιμα
641 1451 804 1533 ζῶσιν
865 1453 1004 1530 ἐβίω
1063 1453 1240 1534 μέχρι
1299 1459 1400 1518 τοῦ
1455 1451 1699 1518 θανάτου
1755 1436 2022 1534 ‘roua-epi
2073 1454 2357 1520 Διονύσιον

350 1571 664 1649 γενομένου
725 1573 807 1654 (p.
871 1574 995 1637 327
1060 1569 1154 1655 B).
1247 1570 1414 1635 Haec
1474 1571 1678 1655 legens
1742 1573 1877 1656 quis
1939 1595 2062 1636 non
2107 1545 2352 1658 putaret

355 1690 620 1754 Dionem
689 1689 766 1752 ob
818 1710 1052 1753 morum
1121 1690 1494 1753 severitatem
1540 1697 1793 1772 tyranno
1841 1697 1900 1754 et
1945 1691 2158 1754 aulicis
2207 1692 2355 1754 invi·

350 1829 494 1872 sum
555 1809 620 1871 in
680 1807 844 1892 regia
905 1806 1334 1890 delituisseP1)
1433 1809 1518 1870 At
1576 1808 1687 1870 hac
1750 1829 1993 1892 quoque
2054 1808 2116 1871 in
2187 1817 2357 1893 parte

352 1927 618 2011 scriptor
679 1927 884 1990 studio
946 1926 1166 1990 ductus
1225 1949 1262 1988 a
1320 1947 1458 1989 vero
1504 1926 1765 1989 deflexit.
1841 1927 2149 1992 Discimus
2197 1929 2356 1992 enim

352 2067 391 2108 e
451 2044 783 2108 Plutarcho
845 2043 910 2106 ll.
974 2050 1034 2107 et
1093 2067 1126 2107 e
1187 2043 1424 2128 Nepote
1469 2043 1674 2126 (Dion.
1722 2067 1773 2108 c.
1826 2047 1923 2129 1),
1972 2044 2245 2109 Dionem.
2280 2046 2355 2111 ob

355 2165 591 2248 ingenii
649 2171 709 2226 et
753 2184 990 2227 morum
1036 2163 1463 2247 praestantiam
1511 2162 1673 2247 apud
1719 2163 2079 2247 Dionysium
2126 2187 2359 2248 semper

351 2283 420 2346 in
470 2282 698 2345 honore
743 2281 963 2344 fuisse:
1023 2281 1229 2344 aderat
1273 2280 1326 2344 ei
1371 2281 1605 2364 magnis
1650 2281 1714 2344 in
1760 2281 1940 2345 rebus
1958 2307 1976 2360 3
2024 2282 2353 2366 legationes

351 2423 564 2464 omnes
602 2400 962 2463 illustriores
1004 2399 1404 2484 suscipiebat3
1432 2407 1493 2463 et
1524 2421 1716 2482 quum
1746 2399 1849 2462 alii
1880 2408 2055 2464 caute
2088 2409 2147 2465 et
2180 2402 2352 2465 anxie

348 2521 419 2584 in
476 2518 718 2603 tyranni
762 2517 1098 2602 praesentia
1143 2517 1502 2580 sententiam
1548 2539 1718 2580 suam
1766 2518 2133 2602 proferrent,
2194 2542 2353 2584 unus

349 2639 459 2704 ille
517 2639 766 2722 impune
826 2659 1062 2701 summa
1121 2637 1406 2700 utebatur
1466 2635 1703 2700 dicendi
1761 2636 2057 2701 libertate.
2152 2640 2355 2721 Atque

352 2759 504 2822 haec
565 2779 719 2840 quae
780 2779 816 2819 a
869 2755 1196 2820 Plutarcho
1243 2762 1303 2818 et
1347 2752 1587 2839 Nepote
1632 2754 1960 2818 traduntur
1982 2757 2029 2839 2)
2076 2778 2215 2819 cum
2270 2779 2358 2820 re-

352 2878 526 2960 liqua
569 2876 788 2939 Dionis
834 2876 959 2938 vita
1004 2882 1064 2938 et
1095 2875 1258 2938 victu
1289 2874 1374 2938 ita
1404 2874 1811 2951 consentiunt,
1847 2881 1917 2938 ut
1948 2875 2022 2938 de
2053 2873 2352 2939 dictorum

351 2996 474 3059 fide
522 2993 791 3059 dubitari
835 2999 1116 3076 nequeat.

442 3227 648 3291 Prima
701 3227 1054 3291 excursione
1097 3226 1160 3289 in
1208 3226 1418 3291 urbem
1471 3225 1901 3310 Syracusarum
1954 3227 2209 3311 carptim
2238 3250 2356 3291 me-

352 3353 616 3424 morata,
667 3345 742 3408 ad
791 3345 1041 3408 alteram
1071 3344 1316 3407 festinat
1346 3345 1619 3429 scriptor,
1668 3345 1887 3428 viginti
1916 3346 2151 3410 circiter
2183 3347 2354 3410 annis

352 3470 496 3550 post
541 3463 760 3527 factam
777 3511 796 3540 ,
837 3484 943 3546 per
974 3461 1138 3546 quod
1167 3463 1452 3546 temporis
1483 3461 1867 3527 intervallum
1898 3461 2073 3554 Plato
2100 3464 2354 3527 Athenis

357 3582 629 3647 scholam
677 3580 915 3666 aperuit
958 3588 1020 3642 et
1064 3580 1148 3643 ibi
1191 3587 1391 3643 totum
1440 3603 1502 3644 se
1552 3581 1967 3667 philosophiae
2014 3581 2199 3645 dedit.

429 3811 478 3870 l)
514 3810 591 3858 Ita
627 3813 768 3874 putat
801 3809 976 3867 Grote,
1009 3807 1116 3856 Vol.
1150 3808 1246 3866 XI,
1280 3824 1329 3872 p.
1363 3808 1441 3858 60.

427 3905 476 3967 2)
518 3905 679 3968 Nepos
711 3904 826 3953 haec
862 3907 1023 3952 narrat
1055 3903 1185 3967 quasi
1221 3904 1342 3953 facta
1375 3907 1485 3952 ante
1519 3903 1731 3954 Platonis
1762 3904 2043 3962 adventum3
2080 3920 2225 3968 quum
2244 3921 2355 3954 vero

359 4006 470 4051 tum
518 4000 690 4064 viginti
737 4003 925 4050 tantum
958 4015 1104 4048 annos
1139 4003 1275 4048 natus
1307 4004 1454 4057 esset,
1488 4000 1649 4063 potius
1683 4001 1965 4049 sumendum
1999 4005 2071 4050 est
2105 4017 2211 4050 eum
2249 4002 2359 4050 Plu·

357 4095 552 4154 tarcho,
581 4109 690 4144 eum
725 4097 836 4157 post
869 4093 1082 4142 Platonis
1114 4094 1453 4156 profectionem
1488 4093 1571 4142 illa
1605 4095 1759 4142 officia
1793 4099 1993 4158 tyranno
2033 4097 2321 4159 praestitisse

357 4195 419 4241 ut
451 4195 580 4240 recte
613 4189 950 4239 animadvertit
981 4188 1251 4253 Nipperdey
1284 4189 1342 4237 ad
1374 4189 1549 4253 Nepot.
1582 4183 1723 4238 Dion.
1758 4205 1804 4253 p.
1840 4188 1918 4240 72.
