3025 5067
1236 424 1359 486 123

281 656 420 696 eam
466 631 764 696 deductus
811 655 944 695 sum
989 632 1354 695 sententiam
1373 681 1390 708 ,
1441 653 1651 694 omnes
1699 631 1973 693 civitates
2022 629 2179 692 male
2223 651 2315 690 or·

285 752 530 817 dinatas
600 774 760 829 esse,
828 751 1021 828 λέγειν
1092 753 1150 815 τ’
1201 751 1603 831 ἠναγκάσθην,
1669 752 1910 814 ἐπαινῶν
1959 735 2081 822 ιτην
2160 747 2314 827 ὀρθὴν

287 869 678 976 φιλοσοφίαν,
739 873 812 941 ὡς
858 871 923 935 ἐκ
965 870 1188 944 ταύτης
1234 868 1357 933 ἐστὶ
1404 867 1485 932 τοὶ
1531 893 1597 933 τε
1644 868 1917 933 πολιτικοὶ
1964 867 2160 932 δίκαιοι
2207 863 2310 930 καὶ

288 989 377 1054 τὰ
437 997 546 1053 τῶν
614 990 838 1055 ἰδιωτῶν
885 989 1086 1053 πάντα
1132 987 1412 1068 κατιδεῖν,
1460 993 1651 1052 κακῶν
1690 987 1738 1050 δ’
1760 990 1822 1052 οὐ
1860 985 2053 1062 λήξειν
2088 987 2170 1051 τοὶ
2210 988 2313 1050 ω’ν-

293 1108 540 1188 θρώπινω
597 1108 773 1186 γένη,
835 1110 962 1188 πρὶν
1023 1106 1095 1171 ἂν
1142 1107 1174 1182 ἢ
1220 1107 1298 1171 τὸ
1343 1113 1473 1171 τῶν
1518 1106 2107 1188 φιλοσοφούντων
2152 1106 2311 1185 ὀρθῶς

293 1249 373 1304 γε
413 1229 501 1311 (τε
518 1227 568 1312 Ρ)
613 1228 712 1292 καὶ
757 1229 982 1301 ἀληθῶς
1021 1227 1184 1303 γένος
1227 1228 1323 1298 εἷς
1364 1225 1604 1306 ἀρχὰς
1644 1224 1803 1307 ἔλθη
1848 1225 1961 1297 τοὶς
2006 1225 2313 1296 πολιτικὰς

295 1346 332 1422 ἢ
365 1347 439 1416 τὸ,
475 1351 604 1410 τῶν
643 1346 1212 1410 δυναστευόντων
1250 1347 1306 1409 ἑν
1350 1352 1482 1416 ταῖς
1532 1343 1767 1408 πόλεσιν
1811 1343 1877 1408 ἔκ
1919 1367 2065 1416 τινος
2105 1349 2310 1424 μοῖροις

292 1464 450 1535 θείοις
494 1461 664 1535 ὄντως
712 1465 1186 1546 φιλοσοφήση.
1245 1487 1303 1548 p.
1345 1465 1476 1525 326
1518 1463 1593 1526 A.
1643 1461 1812 1526 Haec
1844 1462 2137 1546 cogitatio
2167 1485 2308 1525 eum

269 1583 542 1668 impulit
583 1590 656 1646 ut
700 1582 912 1648 relicta
955 1584 1152 1668 patria
1195 1584 1261 1646 in
1307 1582 1551 1646 Italiam
1600 1583 1904 1668 migraret.

385 1702 737 1766 Secundum
782 1703 897 1765 hoc
942 1703 1132 1787 igitur
1178 1701 1595 1766 testimonium
1642 1701 1819 1764 Plato
1867 1709 2005 1785 post
2051 1709 2310 1764 mortem

294 1821 564 1884 Socratis
595 1843 716 1884 non
735 1869 753 1897 ,
792 1829 860 1883 ut
892 1820 1076 1905 vulgo
1106 1820 1430 1897 traditum,
1479 1821 1692 1884 statim
1723 1842 1971 1904 peregre
2006 1820 2310 1903 profectus

299 1946 426 2016 est,
475 1938 582 2002 sed
625 1939 918 2003 remansit
963 1939 1220 2003 Athenis
1266 1940 1331 2002 in
1377 1939 1609 2025 patria,
1660 1945 1792 2002 tota
1836 1945 2038 2002 mente
2084 1938 2149 2000 in
2195 1937 2311 2000 hoc

297 2049 536 2120 defixus
552 2105 571 2134 ,
638 2056 944 2139 quomodo
1005 2057 1205 2120 sanari
1267 2057 1529 2122 civitatis
1592 2057 1842 2121 morbus
1888 2062 2093 2140 posset
2108 2082 2126 2132 3
2190 2077 2312 2139 quo

296 2177 493 2260 magis
561 2184 767 2240 autem
837 2181 1033 2239 aetate
1100 2183 1531 2240 maturesceret
1546 2226 1563 2253 ,
1630 2198 1700 2240 eo
1758 2175 1988 2239 firmius
2050 2174 2165 2237 hoc
2228 2184 2314 2238 te-

293 2297 471 2374 nuit,
519 2296 717 2359 solum
763 2296 1101 2360 remedium
1149 2319 1275 2360 esse
1319 2296 1383 2359 in
1435 2307 1510 2377 τῇ
1558 2297 1681 2378 ὀρθῇ
1727 2295 2084 2378 φιλοσοφίᾳε
2131 2295 2313 2357 finem

293 2415 595 2478 malorum
629 2415 873 2480 nullum
903 2417 1030 2480 fore
1046 2466 1065 2495 ,
1108 2417 1228 2480 nisi
1259 2417 1443 2479 iidem
1477 2423 1678 2480 essent
1708 2415 2074 2500 imperantes
2106 2413 2313 2477 iidem-

293 2555 418 2616 que
479 2533 847 2618 philosophi.
941 2534 1126 2614 Quod
1188 2557 1378 2618 quum
1422 2535 1488 2598 in
1534 2535 1732 2619 patria
1793 2533 1949 2597 effici
1992 2555 2169 2618 posse
2216 2532 2313 2596 de-

291 2661 599 2736 speraret,
666 2654 920 2717 excessit
981 2654 1239 2717 Athenis
1301 2661 1362 2717 et
1421 2654 1486 2717 in
1542 2654 1784 2718 Italiam
1833 2655 2139 2738 profectus
2184 2659 2309 2731 est,

287 2779 522 2855 putans
568 2771 890 2850 nimirum,
952 2773 1037 2837 ibi
1100 2773 1350 2837 fortasse
1395 2773 1614 2837 melius
1661 2780 1955 2836 moratam
2002 2773 2307 2836 civitatem

283 2912 358 2952 se
403 2890 829 2968 inventurum,
893 2913 1048 2974 quae
1109 2913 1140 2956 e
1188 2892 1609 2977 philosophiae
1654 2893 1991 2977 praeceptis
2038 2891 2302 2954 ordinari

287 3014 520 3093 posset.
569 3008 740 3073 Idem
772 3011 1091 3073 consilium
1132 3010 1498 3095 philosopho
1537 3012 1601 3074 in
1642 3011 1783 3074 aula
1820 3011 2102 3094 Dionysii
2134 3012 2310 3094 profi-

287 3127 543 3191 ciscenti
577 3127 955 3191 obversatum
987 3151 1116 3218 esse
1132 3179 1150 3211 ,
1181 3129 1462 3213 Epistola
1493 3152 1619 3193 non
1652 3153 1775 3192 uno
1808 3129 1941 3192 loco
1974 3129 2308 3212 significat,

287 3271 356 3331 p.
409 3248 536 3309 328
584 3248 680 3310 A:
730 3245 876 3311 ὥστε
922 3247 1076 3328 εἴπερ
1122 3250 1262 3313 ποτὲ
1308 3248 1407 3312 κω)
1457 3254 1551 3313 νῦν
1600 3247 1763 3319 ἔλπις
1811 3252 1984 3312 mio-x
2029 3250 2309 3313 ἀποτελε-

283 3367 565 3440 σθήσεται
609 3373 712 3430 τοῦ
755 3367 917 3439 τοὺς
967 3368 1220 3439 αὐτοὺς
1269 3367 1714 3449 φιλοσόφους
1760 3392 1837 3430 τε
1880 3367 1995 3430 καὶ
2037 3367 2307 3432 πόλεων

285 3485 335 3548 οἳ
349 3509 377 3564 ρ
387 3508 658 3564 χοντοις
703 3485 986 3562 μεγοέλων
1031 3484 1328 3561 ξυμβῆναι
1382 3486 1752 3563 γενομένους.
1818 3493 1879 3548 et
1926 3509 1983 3569 p.
2034 3487 2161 3548 335
2212 3486 2303 3548 D:

285 3602 671 3686 „Dionysius
733 3626 1014 3687 magnam
1060 3603 1352 3667 ditionem
1400 3604 1782 3688 possidebat,
1841 3607 1898 3668 ἐν
1946 3601 1982 3685 ᾖ
2027 3604 2303 3681 γενομένη

284 3723 694 3802 φιλοσοφία
739 3748 816 3786 τε
861 3720 981 3786 καὶ
1029 3722 1322 3799 δύναμις
1375 3721 1545 3794 ὄντως
1592 3724 1657 3786 ἐν
1704 3724 1979 3803 τοιύτῷ,
2026 3722 2121 3786 διὰ·
2167 3722 2309 3788 ποὶν-

298 3861 331 3867 .-
340 3861 462 3867 -.----
471 3861 511 3868 e·-
517 3861 638 3869 .-—-

283 3927 468 3985 νόμιμα
514 3925 593 3979 ἔθη
641 3938 737 3970 ῐιοῐι
776 3923 874 3971 sint
906 3927 1158 3992 γράμμασι
1192 3924 1390 3985 signata.
1461 3923 1724 3987 Scripsitne
1757 3930 1901 3987 νόμων
1930 3929 2200 3991 γράμματα
2234 3926 2309 3974 καὶ

283 4019 407 4077 ἤθη,
456 4015 487 4062 i.
521 4033 561 4064 e.
608 4018 759 4081 leyum
803 4018 972 4066 literae
1005 4025 1050 4065 et
1084 4016 1309 4065 indoles?
1365 4019 1431 4066 At
1465 4017 1580 4066 haec
1615 4034 1801 4080 quoque
1834 4018 2047 4080 quaesita
2082 4022 2152 4066 est
2190 4017 2313 4066 unti-

286 4109 442 4158 thesis
489 4127 576 4174 pro
619 4128 767 4160 mores
805 4116 851 4160 et
892 4114 1028 4176 leyes.
1093 4111 1272 4160 Similis
1319 4113 1602 4176 periphrasis
1658 4117 1728 4160 est
1778 4113 1825 4160 in
1876 4114 2037 4176 spurio
2078 4086 2307 4163 'Platonis

288 4206 418 4255 libro
453 4206 672 4273 Epinom.
714 4223 759 4274 p.
795 4206 890 4258 976
927 4208 993 4257 B:
1030 4208 1194 4268 δόξης
1227 4213 1392 4266 ἤθεσι
1421 4215 1723 4276 προσέχοντες
1754 4211 1831 4259 τὸν
1860 4213 1953 4260 νοῦν
1983 4224 2070 4272 pro
2107 4211 2271 4273 δόξαις.
