3025 5067
1295 408 1378 471 43

323 635 570 697 prorsus
639 614 817 697 friget
827 640 845 690 ;
909 612 1140 676 dictum
1187 611 1428 675 videtur
1472 635 1584 698 pro
1604 612 1910 696 forsitan,
1960 611 2123 696 quod
2170 612 2330 675 sicut

321 731 486 806 ἴσως,
534 756 642 797 που
659 782 676 814 ,
726 754 1182 816 nonnumquam
1227 732 1446 795 leniter
1491 729 1826 797 affirmandi
1858 732 1977 795 vim
2008 730 2223 807 habet,
2260 736 2331 793 ut

322 849 485 913 idem
529 850 652 913 fere
698 851 778 914 sit
824 850 989 934 quod
1033 851 1280 922 εἰκότως.
1369 849 1504 913 Ηοο
1561 872 1743 913 sensu
1782 848 2066 921 πολλάκις
2098 849 2331 933 elegan-

317 978 417 1033 ter
475 969 640 1053 apud
697 970 936 1033 Atticos
983 969 1232 1054 ponitur
1246 1018 1266 1046 ‚
1313 990 1425 1033 nec
1469 990 1605 1032 raro
1652 967 1816 1053 apud
1861 968 2176 1031 Platonem
2193 1017 2211 1045 ‚
2261 974 2333 1031 ut

317 1088 387 1151 in
432 1086 784 1166 Phaedone,
832 1110 894 1172 p.
944 1090 1023 1151 60
1072 1086 1161 1150 E:
1207 1089 1256 1152 εἰ
1302 1085 1420 1167 άροο
1465 1086 1751 1157 πολλάκις
1796 1087 2017 1161 ταύτην
2060 1087 2164 1161 τὴν
2198 1109 2332 1157 μου·

315 1208 482 1281 σικήν
523 1230 619 1285 μοι
665 1206 964 1272 ἐπιτάττοι
1007 1213 1203 1270 ποιεῖν.
1253 1206 1317 1269 in
1361 1204 1603 1290 Theage
1620 1255 1639 1284 ‚
1687 1228 1745 1290 p.
1788 1207 1908 1267 122
1938 1205 2022 1267 A:
2070 1207 2331 1283 ἡγοῦμαι

315 1324 619 1405 κράτιστον
661 1321 802 1391 εἷνκι
846 1325 1134 1389 πείθεσθαι
1181 1326 1340 1405 αὐτῷ
1353 1376 1368 1400 ,
1414 1322 1515 1389 ἵνά
1556 1328 1639 1401 μὴ
1688 1322 1973 1395 πολλάκις
2021 1320 2157 1388 ἄνευ
2190 1326 2329 1401 ἐμοῦ

313 1442 737 1521 ξυγγενόμενός
767 1469 848 1525 τῳ
869 1444 1174 1525 διαφθαρῇ.
1199 1444 1265 1507 in
1289 1442 1500 1521 Critia,
1527 1467 1587 1528 p.
1620 1446 1743 1507 112
1772 1449 1943 1507 extr.:
1969 1442 2035 1507 τὸ
2060 1443 2107 1507 δ’
2128 1442 2215 1508 ἔτι
2237 1491 2251 1506 .
2276 1492 2290 1507 .
2315 1492 2330 1507 .

315 1562 410 1625 δεῖ
461 1562 710 1636 δηλῶσαι
729 1612 745 1634 ,
808 1563 893 1639 μὴ
951 1560 1235 1633 πολλάκις
1291 1563 1590 1634 άκούοντες
1651 1562 1965 1637 Ἑλληνικά
2009 1562 2327 1643 βαρβάρων

319 1676 528 1759 ἄνδρων
586 1678 847 1757 ὀνόματά
907 1680 1281 1762 θάνμάζητεε
1331 1680 1408 1744 ad
1456 1703 1638 1764 quem
1683 1680 1885 1744 locum
1932 1680 2110 1765 plura
2157 1678 2337 1743 Stall—

320 1797 622 1862 baumius.
713 1798 832 1863 Sed
877 1798 942 1862 in
987 1799 1270 1877 omnibus
1316 1799 1501 1863 huius
1549 1798 2008 1883 significationis
2041 1796 2335 1881 exemplis

322 1914 610 1987 πολλάκις
665 1917 910 2001 junctas
967 1916 1084 1980 sibi
1143 1916 1328 1980 habet
1380 1916 1713 2001 particulas
1776 1916 1823 1980 εἰ
1868 1914 1985 1995 ἄρα,
2000 1967 2019 1991 ,
2064 1914 2138 1980 ἂν
2182 1914 2298 1996 ἄρά
2320 1966 2335 1991 ,

321 2036 443 2112 mi:
507 2036 561 2097 εἰ
608 2035 785 2121 forte
799 2083 818 2113 ,
883 2058 1020 2098 num
1059 2035 1235 2121 forte
1250 2083 1268 2111 ,
1333 2056 1404 2099 ne
1445 2035 1640 2121 forte.
1734 2033 1855 2098 Hic
1914 2034 2185 2119 positum
2246 2039 2339 2097 est

323 2152 588 2217 insolite.

410 2270 620 2355 Pergit
649 2271 768 2335 sic:
815 2270 904 2343 τίς
937 2270 984 2335 δ’
1009 2265 1073 2345 ἦν
1105 2270 1372 2347 ἧέκείνου
1403 2270 1619 2335 &cavola
1650 2268 1749 2334 xx)
1782 2271 2097 2353 ἐπιθυμίαι,
2128 2269 2339 2350 σχεδὸν

313 2392 424 2456 οὐκ
467 2390 704 2471 εἰκάζων
747 2390 888 2455 ἄλλ’
931 2392 1004 2461 ὡς
1041 2380 1202 2457 εἰδὼς
1237 2394 1445 2471 σοιφῶς
1493 2386 1707 2465 εἴποιμ’
1759 2386 1851 2454 ἄν.

411 2507 581 2572 Hlud
625 2508 834 2588 σχεδὸν
877 2509 977 2573 οὐκ
1021 2506 1254 2588 εἰκάζων
1301 2509 1443 2572 άλλ’
1485 2509 1561 2578 ὥς
1606 2507 1757 2578 εἰδὼς
1806 2512 2017 2589 σοιφῶς
2062 2507 2341 2571 imitatur

315 2626 690 2690 Socraticam
736 2625 1094 2690 modestiam
1109 2675 1127 2703 ‚
1169 2624 1246 2689 de
1275 2624 1585 2711 plerisque
1616 2624 1969 2689 dubitanter
2000 2626 2338 2709 loquentia,

313 2767 519 2831 pauca
563 2744 942 2809 affirmantis:
993 2744 1162 2809 velut
1205 2744 1270 2807 in
1317 2743 1613 2821 Menone,
1662 2744 1772 2808 ubi
1818 2744 2142 2812 discrimen
2173 2751 2343 2808 nota-

315 2872 431 2927 tur
474 2864 634 2927 inter
679 2864 1002 2941 ἐπιστήμην
1048 2871 1109 2927 et
1153 2862 1323 2937 δόξαν
1337 2913 1356 2946 ,
1405 2863 1493 2927 ita
1539 2861 1813 2927 Socrates
1831 2913 1850 2941 ,
1899 2885 1959 2947 p.
2010 2866 2093 2926 98
2126 2863 2205 2926 B:
2240 2862 2339 2928 καὶ

317 2983 441 3059 μὴν
488 2982 586 3046 κοιί
633 2982 748 3058 ἐγὼ
778 2983 850 3054 ὦς
881 2984 981 3047 οὐκ
1011 2981 1162 3053 εἰδὼς
1194 2983 1330 3065 (οὐχ
1357 2983 1430 3052 ὡς
1461 2980 1615 3053 εἰδὼς
1632 2980 1682 3064 Ρ)
1712 2980 1903 3057 λέγω,
1934 2981 2075 3044 ἀλλ’
2104 2980 2337 3061 εἰκάζωι

317 3122 470 3164 cum
514 3099 739 3183 quibus
783 3100 933 3164 haec
977 3100 1056 3163 ad
1101 3099 1356 3164 verbum
1401 3122 1591 3186 paene
1624 3100 2015 3164 conveniunt.
2086 3099 2244 3163 Item
2274 3100 2342 3163 in

321 3218 594 3303 Gorgia,
656 3243 715 3304 Ρ.
775 3218 903 3283 453
964 3218 1052 3283 B:
1113 3221 1217 3294 τὴν
1273 3218 1393 3283 άπὸ
1460 3227 1566 3291 τῆς
1620 3222 1902 3299 ῥητορικῆς
1964 3219 2165 3302 πειθὼ,
2219 3216 2340 3294 ἥτις

321 3337 464 3401 πότ’
522 3339 645 3402 ε’στι
667 3386 686 3420 ,
717 3387 731 3402 .
761 3388 775 3403 .
805 3388 819 3403 .
877 3342 1084 3418 σαφῶς
1143 3337 1249 3415 μὲν
1311 3334 1375 3401 εὖ
1428 3334 1535 3401 ἴσθ’
1580 3333 1665 3401 δ’τι
1725 3338 1824 3401 οὐκ
1882 3332 2044 3419 οἶδά,
2105 3339 2167 3402 οὐ
2226 3338 2342 3415 μὴν

321 3458 473 3521 ἀλλ’
521 3454 822 3520 ὑποπτεύω
869 3480 962 3533 γε.
1056 3454 1241 3535 Quod
1291 3462 1495 3519 autem
1542 3454 1819 3519 additum
1851 3462 1942 3519 est
1970 3456 2208 3536 σχεδὸν,
2241 3456 2343 3519 hic

323 3596 458 3639 non
487 3574 686 3638 solum
719 3596 1164 3659 supervacuum
1195 3580 1314 3652 est,
1351 3574 1457 3638 sed
1489 3575 1674 3638 etiam
1703 3574 2061 3638 molestum:
2098 3575 2149 3638 si
2180 3574 2341 3638 enim

325 3692 560 3757 affirmo
605 3715 702 3756 me
747 3714 871 3756 non
918 3693 1268 3777 conjectura
1311 3691 1417 3755 sed
1462 3698 1627 3756 certo
1674 3692 1907 3775 aliquid
1954 3692 2135 3770 scire,
2183 3691 2341 3755 illud

309 3813 730 3895 propenwdwm
790 3812 1056 3875 alienum
1117 3818 1226 3875 est.
1319 3811 1510 3896 Saepe
1572 3809 1819 3894 quidem
1881 3810 2057 3874 Plato
2116 3810 2341 3893 aliique

327 3931 654 4015 scriptores
713 3931 777 3993 in
839 3952 1112 3995 sermone
1174 3937 1236 3993 et
1280 3930 1695 4015 disputatione
1738 3928 1897 3993 illud
1943 3929 2151 4009 σχεδὸν
2197 3928 2342 4015 adji-

329 4048 507 4112 ciunt
565 4049 885 4127 εὐλάβείοις
948 4048 1174 4133 gratia,
1239 4049 1292 4112 si
1353 4072 1479 4111 rem
1524 4070 1653 4112 non
1688 4048 2049 4111 examussim
2096 4046 2343 4111 definire

334 4174 450 4233 aut
505 4167 686 4253 plane
745 4167 1040 4233 affirmare
1104 4167 1316 4232 volunt
1329 4218 1347 4246 ‚
1404 4168 1510 4251 qui
1558 4166 1823 4231 adverbii
1866 4188 2015 4230 usus
2060 4165 2343 4249 frequens
