3025 5067
1079 1179 1467 1272 CAPUT
1546 1181 1741 1274 VIII.

662 1521 742 1564 DE
787 1521 1085 1565 PLATONIS
1131 1521 1444 1564 DOCTRINA
1492 1521 1568 1564 ET
1615 1521 1893 1564 PLAOITIS
1939 1522 2108 1580 QUAE
2154 1523 2220 1566 IN

1053 1641 1363 1725 EPIS'TOLIS
1409 1641 1840 1684 EXPONUNTUR..

1225 1956 1651 1999 ἥκω-

1357 2249 1499 2332 §l-

1012 2486 1302 2552 Docmna
1347 2485 1474 2564 περὶ
1524 2487 1871 2562 ἐπιστήμης.

515 2719 849 2804 Postquam
880 2721 1356 2806 exploravimuS,
1384 2744 1539 2806 quae
1564 2721 1643 2785 sit
1665 2721 2083 2806 Epistolarum
2106 2723 2255 2787 fides
2274 2731 2333 2786 et
2350 2723 2439 2787 di·

423 2839 678 2924 ligentia
735 2841 799 2904 in
860 2840 1040 2906 rebus
1095 2841 1399 2906 historicis
1415 2891 1435 2919 ‚
1494 2864 1659 2906 nunc
1708 2841 1785 2907 ad
1830 2842 2254 2928 philosophiae
2301 2842 2437 2906 doe-

423 2959 644 3023 trinam
692 2958 1003 3023 attendere
1041 2961 1218 3044 juvat
1278 2969 1338 3022 et
1385 2982 1702 3044 quaerere,
1752 2968 2056 3044 quatenus
2102 2961 2249 3024 haec
2302 2961 2437 3024 Pla-

422 3079 660 3142 tonicae
731 3078 1152 3164 philosophiae
1211 3079 1597 3163 respondeat.
1691 3079 1915 3144 Plenas
1978 3079 2226 3164 quidem
2290 3087 2436 3144 sunt

421 3197 734 3283 Epistulae
747 3248 766 3276 ,
831 3199 1155 3283 praecipue
1213 3197 1394 3276 VIP,
1455 3199 1771 3263 sententiis
1819 3206 1880 3262 et
1926 3199 2167 3283 placitis
2214 3177 2246 3264 e
2299 3197 2433 3264 Pla·

419 3322 562 3382 tone
623 3318 952 3401 expressiS‚
1001 3325 1073 3380 ut
1116 3301 1304 3404 ⁸supra
1349 3318 1573 3403 passim
1620 3317 1828 3382 notavi
1842 3343 1862 3396 ς,
1911 3317 2007 3381 his
2054 3324 2258 3381 tamen
2304 3341 2429 3382 non

419 3435 766 3499 continetur
827 3435 1247 3521 philosophiae
1306 3436 1601 3500 doctrina.
1688 3433 1831 3516 Quo
1889 3435 2109 3500 melius
2179 3414 2277 3528 de¹
2317 3436 2433 3501 hoc

412 3553 687 3640 judicare
730 3554 942 3632 liceat,
992 3555 1293 3648 illustrem
1341 3555 1494 3640 elegi
1541 3555 1775 3632 locum,
1826 3554 1935 3638 qui
1966 3561 2162 3617 exstat
2192 3554 2255 3617 in
2290 3555 2433 3639 Epi-

418 3673 576 3737 stola
637 3671 798 3751 VII,
845 3697 905 3758 p.
955 3675 1081 3736 342
1123 3695 1290 3759 sqq.,
1340 3673 1405 3738 in
1443 3695 1566 3757 quo
1603 3672 1922 3736 disseritur
1961 3671 2037 3735 de
2075 3673 2428 3754 nequitione,

418 3813 600 3875 quam
663 3790 1140 3875 disputationem
1202 3798 1480 3857 excutere
1540 3801 1599 3855 et
1659 3814 1801 3854 cum
1859 3790 2133 3854 Platonis
2192 3789 2267 3854 de
2316 3792 2432 3856 hoc

416 3917 774 3993 argumento
823 3909 1100 3974 doctrina
1146 3933 1492 3996 comparare
1522 3909 1714 3974 lubet.
1762 3909 2003 3974 Locum
2036 3910 2183 3973 satis
2216 3910 2430 3974 obscu-

416 4051 553 4093 rum
605 4029 791 4114 paulo
817 4028 1216 4094 ‘emendatius
1263 4037 1324 4094 et
1369 4029 1719 4094 distinctius
1766 4051 1950 4113 quam
1996 4029 2179 4115 vulgo
2227 4029 2431 4094 editur

416 4139 750 4212 describam
798 4157 858 4212 et
901 4147 1090 4212 latine
1134 4147 1597 4233 interpretabor.
1628 4188 1647 4222 e
