3025 5067
1674 425 1793 484 128

1668 631 1703 715 ᾧ
1748 634 1809 694 3.

1134 869 1230 931 De
1273 867 1546 931 Platonis
1588 868 1896 931 itineribus
1940 869 2005 931 in
2050 868 2331 932 Siciliam.

810 1104 955 1167 Tres
1009 1105 1073 1166 in
1119 1103 1398 1188 Epistola
1440 1110 1855 1168 memorantur
1900 1104 2176 1168 Platonis
2222 1104 2519 1168 adventus
2565 1103 2743 1188 Syra-

718 1245 929 1301 cusas„
978 1245 1238 1306 quorum
1285 1230 1558 1308 tempora
1603 1224 1767 1287 haud
1813 1224 2069 1289 obscure
2113 1224 2480 1288 indicantur.

806 1341 1098 1405 Primum·
1142 1341 1465 1426 Syracusas
1528 1343 1761 1407 venisse
1816 1367 1879 1408 se
1927 1344 2077 1407 dicit
2122 1343 2236 1407 XL
2284 1367 2494 1408 annos-
2520 1350 2741 1406 natum

717 1459 779 1524 h.
829 1483 880 1524 e.
927 1459 1027 1524 Ol.
1064 1464 1166 1538 97,
1201 1465 1242 1524 4
1260 1511 1279 1540 ,
1313 1485 1366 1524 a.
1401 1484 1454 1525 a.
1489 1460 1558 1526 C.
1594 1463 1743 1526 389.
1785 1460 1938 1528 ‘'Or-s
1968 1462 2087 1541 γὰρ
2118 1465 2253 1526 κατ’
2280 1463 2478 1542 ἀρχὰς
2511 1462 2591 1533 εἷς
2623 1471 2745 1524 Συ-

715 1579 998 1660 ρακούσαις
1046 1581 1160 1656 ἐγὼ
1204 1581 1527 1664 ἀφικόμην,
1573 1581 1783 1660 σχεδὸν
1827 1581 1927 1656 ἔτη
1973 1579 2410 1662 τετταράκοντα
2440 1581 2696 1658 γεγονώς
2720 1633 2740 1654 ,

719 1699 869 1763 Δίων
915 1695 1045 1779 εἷχὲ
1089 1701 1191 1772 τὴν
1238 1699 1467 1774 ἡλικίαν
1494 1679 1578 1774 ’ἣν
1623 1706 1800 1764 τανῦν
1846 1703 2169 1780 Ἱππαρῖνος
2214 1698 2474 1776 γέγονεν.
2538 1697 2740 1782 Epist.

717 1815 865 1880 VII.
911 1839 972 1901 p.
1019 1819 1148 1880 324
1199 1818 1275 1880 A.
1324 1817 1658 1902 Dionysius
1706 1819 1899 1902 major
1946 1839 2017 1881 eo
2066 1825 2335 1902 tempore
2365 1839 2621 1900 regnum
2651 1815 2745 1879 ibi

717 1935 983 1999 tenebat.
1065 1933 1224 1998 Cum
1274 1935 1388 1998 hoc
1434 1941 1705 2019 tempore
1751 1935 1962 2020 pulcre
2008 1935 2277 1999 concinit
2324 1935 2489 2019 quod
2538 1933 2744 2020 prodi-

714 2063 849 2116 tum
912 2059 1036 2131 est,
1098 2051 1453 2131 Platonem,
1519 2076 1711 2136 quum
1776 2054 2028 2117 liberius
2090 2065 2347 2139 tyranno
2410 2054 2741 2117 oblocutus

716 2177 872 2234 esset
890 2220 909 2249 ‚
967 2170 1041 2234 ab
1103 2193 1173 2233 eo
1232 2170 1459 2234 Pollidi
1522 2170 2143 2235 Lacedaemoniorum
2189 2173 2389 2256 legato
2436 2172 2736 2235 traditum

715 2313 880 2368 esse,
945 2312 980 2352 a
1040 2312 1162 2373 quo
1225 2291 1415 2354 fertur
1479 2291 1788 2375 (λέγεται,
1846 2299 1919 2355 ut
1979 2291 2189 2355 scribit
2232 2289 2623 2376 Plutarchus)
2668 2292 2737 2354 in

717 2409 1014 2492 Aeginam
1079 2408 1382 2472 abductus
1431 2431 1561 2474 esse
1609 2409 1816 2493 ibique
1863 2411 2145 2475 venditus
2162 2459 2180 2488 ,
2229 2409 2336 2473 secl
2383 2410 2549 2474 brevi
2597 2419 2739 2494 post

716 2528 790 2592 ab
854 2528 1046 2590 amico
1109 2527 1476 2591 Anniceride
1538 2528 1887 2613 redemptus
1934 2537 1993 2592 et
2036 2530 2102 2592 in
2154 2529 2411 2614 patriam
2458 2551 2736 2593 reversus

716 2670 864 2711 esse.
955 2647 1163 2711 Testes
1216 2647 1592 2712 Plutarchus
1639 2648 1820 2712 Dion.
1872 2671 1922 2712 c.
1974 2651 2010 2712 5
2032 2699 2050 2726 ,
2098 2648 2380 2713 Laertius
2427 2649 2563 2727 ΙΙΙ,
2618 2651 2732 2727 14,

721 2769 837 2844 18,
887 2766 1184 2830 Aristides
1229 2765 1300 2830 T.
1350 2766 1488 2844 ΙΙΙ,
1540 2791 1598 2852 p.
1649 2769 1798 2830 382.
1892 2767 2215 2831 Exarserat
2262 2767 2423 2834 enim
2470 2789 2541 2830 eo
2600 2768 2734 2852 ipso

712 2892 983 2970 tempore
1044 2884 1274 2948 bellum
1335 2885 1493 2948 inter
1556 2885 1885 2968 Aeginetas
1948 2893 2008 2948 et
2040 2879 2471 2950 'Athenienses
2487 2935 2506 2964 ,
2565 2885 2734 2969 quod

713 3003 959 3066 duravit
1019 3002 1092 3067 ab
1155 3002 1255 3066 Ol.
1319 3004 1427 3081 97,
1491 3007 1534 3067 4
1583 3003 1659 3066 acl
1706 3001 1806 3067 Ol.
1858 3006 1977 3084 98,
2026 3006 2103 3082 2,
2152 3005 2327 3068 cuius
2375 3003 2519 3067 belli
2564 3025 2737 3068 occa-

714 3121 883 3184 sione
912 3120 1038 3218 jd,
1103 3121 1154 3184 si
1199 3127 1404 3184 tamen
1449 3143 1589 3184 vere
1634 3121 1928 3185 traditum
1975 3130 2100 3199 est,
2164 3121 2412 3184 Platoni
2458 3123 2731 3186 evenisse

712 3239 930 3324 potuit.
970 3241 1017 3324 ι)
1161 3317 1170 3324 ¹

800 3357 1079 3420 Alterum
1133 3356 1408 3419 Platonis
1470 3356 1591 3421 iter
1652 3364 2003 3443 susceptum
2066 3357 2291 3421 dicitur
2353 3357 2518 3421 brevi
2564 3366 2731 3442 post-

711 3498 891 3560 quam
963 3475 1258 3560 Dionysio
1325 3475 1542 3539 maiori
1614 3477 1676 3540 in
1747 3498 2002 3560 regnum
2074 3477 2363 3540 successit
2430 3476 2591 3540 filius
2617 3527 2631 3555 ,
2690 3501 2730 3541 a

711 3617 832 3678 quo
901 3595 1119 3658 Dionis
1189 3593 1436 3658 hortatu
1505 3594 1833 3680 Syracusas
1898 3617 1968 3658 se
2014 3596 2364 3659 arcessitum
2411 3619 2539 3660 esse
2584 3596 2731 3682 scri-

708 3843 807 3906 ἔφη.
866 3836 990 3886 Ibid.
1038 3837 1130 3896 lX,
1179 3837 1276 3888 592
1318 3837 1389 3887 B=
1433 3841 1510 3890 ἐπὶ
1548 3846 1631 3904 γῆς
1660 3835 1704 3903 γ’
1738 3839 1937 3904 οὐδαμοῦ
1970 3839 2101 3904 οἶμαι
2134 3840 2271 3899 αὐτὴν
2304 3837 2428 3888 εἶναι.
2497 3835 2639 3895 Ἀλλ’,
2674 3839 2731 3894 ἦν

711 3931 750 3982 δ’
766 3939 880 3997 ἐγὼ,
922 3937 964 3984 ἐν
1003 3936 1172 4004 οὖράνῳ
1204 3937 1311 3992 ἴσως
1343 3936 1643 4004 παράδειγμα
1676 3941 1907 3986 ἀνάκειται
1939 3945 2007 4002 τῷ
2038 3937 2297 4002 βουλομένῳ
2328 3937 2443 4002 ὁρᾶν
2476 3939 2550 3986 καὶ
2568 3938 2728 4004 ὁρῶντι

709 4031 868 4079 ἑαυτὸν
910 4032 1190 4090 κατοικίζειν.
1238 4029 1314 4077 Cf.
1366 4029 1639 4088 Hermann,
1683 4029 1732 4078 ll.
1768 4048 1816 4094 p.
1854 4029 1915 4081 67
1957 4046 2028 4092 sq.
2071 4034 2120 4078 et
2160 4033 2262 4078 not.
2298 4045 2345 4093 p.
2386 4030 2495 4080 118.

775 4123 823 4183 1)
861 4124 964 4171 vid.
1009 4124 1260 4182 CorsinuS,
1318 4125 1482 4189 Symb.
1544 4126 1661 4175 Litt.
1714 4143 1761 4190 p.
1819 4125 1910 4174 103
1958 4141 2060 4189 sqq.
2129 4125 2361 4174 Dodwelli
2397 4125 2603 4173 Annales
2640 4126 2728 4174 Xe-

707 4218 853 4282 noph.
887 4234 932 4282 p.
971 4219 1081 4268 216.
