3025 5067
1612 354 1736 412 216

673 564 849 643 Quae
894 563 993 625 hic
1041 570 1330 625 vocantur
1367 563 1778 637 ὑπομνήματα
1825 572 2002 636 sunt,
2052 570 2122 623 ut
2155 559 2345 643 vulgo
2379 558 2702 643 appellan-
2734 594 2743 601 —

672 689 807 759 tur,
857 682 1229 757 adversaria,
1278 680 1343 743 in
1390 679 1614 763 quibus
1663 679 1986 741 memoriae
2033 678 2228 761 gratia
2271 701 2366 741 res
2397 677 2701 741 notaban-

670 808 775 864 tur
791 828 809 877 3
858 804 915 865 ἐν
959 800 1361 880 βραχυτάτοις
1438 798 1679 873 κείμενοι
1739 807 1943 861 autem
2005 797 2438 881 intelliguntur
2494 796 2699 881 philo-

671 920 953 1003 sophiae,
1017 919 1369 1003 praesertim
1439 918 1990 1001 metaphysicorum
2056 916 2387 1003 principia,
2451 938 2678 979 memo-

670 1040 791 1103 riae
852 1047 912 1103 et
959 1038 1147 1102 menti
1191 1037 1532 1121 infigenda,
1584 1036 1930 1100 cuiusmodi
1976 1046 2122 1100 sunt
2172 1058 2328 1119 quae
2378 1034 2558 1097 modo
2605 1041 2698 1097 at-

673 1159 921 1243 tigimus
985 1179 1056 1221 ex
1102 1156 1300 1241 Epist.
1347 1156 1453 1234 II,
1521 1181 1578 1241 p.
1631 1158 1794 1233 312,
1846 1158 1994 1220 313.
2088 1154 2358 1243 Tum}in
2413 1153 2698 1238 Epistola

674 1276 805 1341 XII
872 1276 1049 1339 Plato
1098 1276 1399 1359 Archytae
1446 1276 1671 1359 gratias
1719 1274 1881 1358 agit,
1917 1274 2082 1357 quod
2123 1276 2524 1351 ὑπομνήματα
2573 1272 2698 1337 sibi

674 1396 841 1460 misit
887 1402 948 1458 et
992 1395 1255 1458 vicissim
1302 1416 1413 1458 sua
1458 1394 1551 1457 illi
1598 1416 1659 1456 se
1704 1394 2036 1457 missurum
2083 1392 2408 1477 pollicetur
2422 1418 2440 1469 3
2483 1391 2696 1454 addit:

674 1514 798 1593 περὶ
863 1514 921 1577 δὲ
980 1522 1083 1587 τῆς
1144 1520 1419 1593 φυλακῆς
1480 1512 1800 1593 ἀμφότεροι
1855 1510 2308 1593 ξυμφωνοῦμεν,
2357 1509 2493 1575 ὥστ’
2535 1510 2698 1574 οὐδὲν

673 1634 762 1697 δεῖ
801 1632 1329 1712 παρακελεύεσθαιε
1380 1652 1503 1714 quo
1552 1630 1852 1714 significat
1892 1652 1960 1693 ea
1985 1630 2175 1693 veluti
2208 1651 2424 1693 arcana
2454 1630 2518 1691 in
2552 1628 2702 1693 scri-

673 1752 792 1816 niis
840 1774 967 1814 esse
1014 1750 1323 1814 servanda.
1395 1750 1469 1813 In
1518 1749 1715 1833 Epist.
1766 1748 1967 1827 XIII,
2016 1772 2075 1834 p.
2127 1752 2252 1812 360
2289 1748 2375 1827 B,
2425 1747 2501 1811 ad
2548 1748 2702 1811 Dioae

670 1870 914 1954 nysium
946 1868 1184 1945 scribit,
1203 1868 1441 1942 ,additis
1480 1868 2052 1933 commentariorum
2077 1868 2304 1932 titulis:
2339 1869 2453 1944 ἐγὼ
2485 1872 2578 1932 νῦν
2598 1918 2611 1931 .
2639 1917 2654 1932 .
2681 1918 2696 1932 .

674 1993 807 2051 τῶν
868 2012 935 2051 τε
988 1988 1471 2067 Πυθαγορείων
1529 1987 1744 2061 πέμπω
1795 2010 1876 2050 σοι
1921 1986 2020 2049 καὶ
2083 1992 2213 2051 τῶν
2270 1986 2695 2066 διαιρέσεων.

763 2106 857 2169 Ex
925 2083 1021 2169 his
1090 2107 1279 2191 igitur
1341 2115 1592 2191 apparet
1611 2156 1629 2184 ,
1709 2129 1832 2189 quo
1897 2116 2166 2191 tempore
2223 2107 2337 2169 hae
2407 2104 2700 2190 epistolae

676 2226 932 2310 scriptae
1012 2235 1190 2302 sunt,
1264 2225 1619 2309 pervulgata
1675 2226 1802 2310 jam
1867 2225 2054 2289 fuisse
2117 2225 2389 2289 Platonis
2453 2225 2702 2287 nomine

676 2344 1111 2424 ὑπομνήματα,
1177 2345 1241 2407 in
1303 2333 1530 2427 quibus
1583 2343 1826 2429 propria
1873 2344 2116 2407 scholae
2163 2343 2449 2427 dogmata
2495 2352 2704 2407 essent

675 2468 917 2526 notata:
980 2462 1043 2526 in
1109 2463 1201 2525 his
1267 2464 1732 2527 commentarios
1780 2464 1903 2541 περὶ
1940 2464 2343 2543 ’Πυθαγορείων
2393 2471 2454 2527 et
2498 2462 2702 2541 διαιρέ-

676 2605 811 2649 σεις.
878 2580 1187 2664 Frequens
1235 2581 1593 2645 huiusmodi
1638 2582 1932 2662 άγράφων
1975 2582 2286 2661 δογμάτων
2332 2583 2560 2647 mentio
2607 2596 2704 2645 est

678 2700 841 2784 apud
889 2700 1247 2763 recentiores
1296 2700 1572 2770 Platonis
1621 2709 1681 2763 et
1714 2701 2061 2765 Aristotelis
2094 2704 2453 2785 interpretes
2469 2752 2487 2779 ,
2523 2701 2707 2765 Alex-

644 2896 652 2902 .,
678 2816 938 2884 andrum
996 2817 1437 2902 Aphrodisium
1456 2867 1472 2893 ,
1531 2817 1963 2896 Themistium,
2013 2818 2454 2903 Porphyrium,
2510 2818 2710 2903 Syria-

681 2959 827 2999 num
847 2986 863 3012 ,
920 2936 1205 3000 Proclum
1225 2918 1249 3013 ,⁴
1287 2936 1702 3021 Simplicium,
1736 2936 2078 3001 Johannem
2111 2937 2556 3022 Philoponum,
2595 2940 2708 3021 qui

682 3078 753 3119 ex
798 3055 893 3120 his
940 3054 1139 3119 multa
1184 3058 1347 3137 (vera
1392 3079 1467 3119 an
1515 3055 1696 3134 falsa,
1748 3080 1911 3121 nunc
1958 3080 2086 3120 non
2134 3061 2380 3143 quaero)
2406 3058 2706 3135 afferunt,

682 3197 837 3259 quae
885 3198 919 3238 e
963 3173 1239 3238 Platonis
1285 3175 1804 3259 disputationibus
1851 3176 1927 3239 de
1975 3177 2228 3241 summis
2280 3199 2484 3241 rerum
2539 3178 2709 3262 prin-

682 3294 855 3378 cipiis
904 3294 1090 3357 ducta
1154 3302 1215 3357 et
1260 3294 1542 3383 deinceps
1591 3296 1665 3359 ab
1714 3296 1844 3359 eius
1891 3296 2273 3361 auditoribus
2290 3347 2308 3374 ,
2343 3296 2704 3375 Aristotele,

681 3411 1138 3496 Theophrasto,
1174 3412 1535 3491 Heraclide,
1587 3413 1908 3490 Hestian,
1959 3414 2094 3477 aliis
2140 3416 2204 3478 in
2245 3415 2586 3479 adversaria
2615 3439 2704 3479 re-

683 3531 811 3593 lata
874 3538 981 3593 aut
1043 3531 1329 3615 operibus
1394 3532 1557 3595 edita
1617 3556 1745 3595 esse
1808 3541 2073 3597 narrant.
2145 3532 2550 3597 Notissimum
2589 3534 2705 3599 hac

685 3648 749 3711 iu
795 3671 857 3712 re
905 3657 997 3713 est
1048 3650 1465 3714 testimonium
1512 3650 1808 3735 Simplicii
1855 3652 1919 3714 in
1965 3650 2304 3715 Comment.
2355 3652 2431 3716 ad
2474 3654 2708 3715 Aristo-

688 3765 823 3827 telis
887 3765 1070 3850 Phys.
1134 3767 1238 3830 fol.
1306 3771 1431 3831 104
1491 3767 1578 3831 B:
1643 3769 1740 3832 καὶ
1803 3769 1869 3833 τὸ
1929 3772 2098 3846 μέγα
2152 3770 2352 3833 δὲκαὶ
2399 3770 2464 3833 τὸ
2509 3771 2705 3849 μικρὸν

685 3885 881 3963 άρχοὶς
942 3885 1110 3955 τιθεὶς
1158 3884 1387 3963 άπειρον
1433 3884 1575 3951 εἶναι
1625 3888 1829 3964 ἔλεγεν
1877 3888 2029 3970 (scil.
2079 3888 2104 3951 ὁ
2155 3888 2431 3972 Πλάτων)
2477 3892 2534 3953 ἐν
2589 3899 2706 3959 τοῖς

686 4002 809 4079 περὶ
864 4005 1128 4079 τάγαθοῦ
1176 4004 1404 4087 λόγοις,
1455 4001 1532 4075 οἷς
1573 4007 1598 4069 o‘
1648 4006 2048 4087 Ἀριστοτέλης
2089 4006 2186 4070 καὶ
2211 4008 2583 4087 Ἡρακλείδης
2608 4012 2704 4072 καὶ

686 4123 970 4192 Ἑστιαῖος
1018 4122 1117 4185 καὶ
1160 4124 1330 4189 ἄλλοι
1368 4129 1469 4197 τοῦ
1506 4126 1820 4196 Πλάτωνος
1859 4127 2064 4207 ἑταῖροι
2093 4127 2550 4205 παραγενόμενοι
2574 4129 2702 4193 αἰνε-
