3025 5067
1625 374 1752 433 224

669 578 848 643 detur
914 578 991 643 de
1053 580 1168 643 hoc
1236 580 1586 643 Aristoxeni
1650 580 2110 661 testimonium,
2177 582 2284 663 qui
2345 581 2408 643 in
2472 580 2691 646 Harm.

668 697 968 763 Element.
1031 698 1074 763 l.
1137 697 1208 763 ΙΙ
1252 698 1391 763 init.
1421 700 1467 783 l)
1519 698 1668 763 haec
1713 699 1928 762 refert:
1975 699 2252 782 Καθάπερ
2285 700 2690 780 Ἀριστοτέλης

667 817 757 883 ἀεὶ
809 818 1059 895 διηγεῖτο
1118 819 1251 891 τοὺς
1308 818 1625 889 πλείστους
1671 825 1782 881 τῶν
1827 816 2192 883 ἀκουσάντων
2229 818 2394 897 παρὰ
2436 818 2692 884 Πλάτω-

668 960 754 1009 νος
800 938 907 1012 την
952 961 1039 1001 πε
1051 936 1106 1017 p>
1153 938 1475 1012 τάγαθοῦ
1525 936 1800 1015 ἀκρόασιν
1847 938 2083 1024 παθεῖν·
2131 937 2412 1016 προσιέναι
2437 945 2544 1014 μὲν
2565 938 2689 1017 γάρ

668 1051 911 1120 ἕκαστον·
958 1054 1463 1133 ὑπολαμβάνοντα
1497 1054 1793 1133 λήψεσθαι’
1826 1080 1884 1119 τι
1919 1060 2031 1119 τῶν
2063 1053 2436 1135 νομιζομένων
2472 1056 2690 1120 τούτων

668 1173 1017 1253 ἀνθρωπίνων
1083 1174 1319 1250 ἀγαθῶν
1346 1224 1363 1239 .
1392 1224 1407 1238 .
1438 1222 1453 1237 .
1480 1224 1496 1247 ,
1575 1170 1672 1237 ὅτε
1731 1172 1790 1237 δὲ
1852 1176 2180 1257 φανείησαν
2238 1174 2286 1237 οἱ
2344 1174 2506 1252 λόγοι
2563 1174 2692 1254 περὶ

668 1292 1031 1370 μαθημάτων
1099 1292 1194 1355 καὶ
1250 1293 1507 1370 ἀριθμῶν
1567 1292 1664 1355 καὶ
1725 1293 2086 1373 γεωμετρίας
2145 1294 2244 1358 καὶ
2301 1294 2692 1372 ἀστρολογίας

668 1412 766 1475 καὶ
812 1412 879 1475 τὸ
924 1410 1102 1490 πέρας
1150 1410 1235 1475 ὅτι
1278 1410 1550 1487 τάγαθόν
1597 1412 1750 1475 ἐστιν
1797 1407 1854 1475 ἓν
1869 1460 1888 1493 ‚
1929 1418 2232 1483 παντελῶς
2255 1408 2413 1487 οἶμαι
2437 1410 2692 1490 παράδο-

670 1528 763 1605 ξον
805 1531 1073 1610 ἐφαίνετο
1099 1532 1316 1602 αὐτοῖς.
1364 1529 1792 1607 „AristoteleS‚
1821 1529 1990 1608 dicit,
2015 1553 2260 1594 narrare
2281 1532 2496 1595 solebat
2518 1530 2691 1614 (haec

680 1656 772 1711 est
818 1648 905 1711 vis
952 1648 1287 1733 imperfecti
1317 1648 1624 1733 διηγεῖτο),
1659 1648 1962 1733 plerisque
1995 1671 2202 1713 eorum
2237 1649 2344 1733 qui
2367 1648 2690 1713 Platonem

676 1765 957 1829 audirent
1000 1770 1069 1831 de
1117 1770 1255 1832 bono
1294 1767 1690 1831 disserentem
1747 1766 1860 1831 hoc
1925 1767 2242 1833 accidisse:
2281 1767 2694 1852 opinabantur

670 1908 733 1949 se
778 1884 1097 1949 audituros
1144 1886 1443 1950 dicentem
1493 1886 1569 1949 de
1615 1886 1694 1949 iis
1742 1908 1896 1970 quae
1943 1886 2127 1971 vulgo
2175 1886 2330 1951 bona
2381 1886 2456 1949 ab
2495 1884 2690 1950 homi-

670 2003 851 2068 nibus
900 2010 1232 2089 putantur,
1282 2004 1388 2068 sed
1434 2026 1628 2089 quum
1676 2004 1751 2068 de
1797 2004 2242 2069 mathematicis
2291 2011 2352 2068 et
2397 2005 2471 2068 de
2504 2010 2694 2068 astro-

668 2124 875 2189 nomia
920 2133 981 2187 et
1026 2123 1103 2187 de
1149 2145 1272 2187 uno
1317 2124 1669 2187 ratiocinari
1713 2124 2041 2209 inciperet,
2077 2124 2446 2208 exspectatio
2480 2146 2690 2188 eorum

669 2244 920 2307 mirifice
964 2243 1256 2307 frustrata
1302 2242 1457 2306 est.”
1506 2242 1911 2307 Aristoxenus
1944 2243 2044 2307 hic
2069 2266 2194 2307 non
2229 2244 2525 2328 scriptum
2557 2244 2696 2307 Ari-

671 2362 904 2425 stotelis
953 2361 1181 2426 librum
1230 2386 1261 2426 e
1312 2361 1587 2426 Platonis
1621 2362 1843 2426 scholis
1876 2361 1952 2425 de
1984 2361 2145 2426 bono
2178 2361 2551 2438 derivatum,
2585 2361 2693 2425 sed

669 2488 912 2545 tantum
942 2503 1247 2545 sermones
1289 2481 1421 2545 eius
1464 2481 1578 2543 hac
1610 2479 1685 2543 de
1709 2503 1774 2543 re
1799 2480 1997 2544 refert.
2049 2480 2270 2565 Itaque
2293 2480 2458 2545 hunc
2487 2480 2692 2544 locum

672 2600 723 2663 si
770 2622 909 2663 cum
955 2599 1259 2685 prioribus
1308 2622 1761 2685 comparamuS‚
1809 2599 2124 2684 probabile
2167 2600 2238 2663 fit
2275 2598 2594 2664 Platonem
2625 2600 2692 2663 in

672 2717 1053 2782 sermonibus
1113 2720 1237 2797 περὶ
1298 2720 1562 2795 τάγαθοῦ
1625 2718 1806 2782 etiam
1859 2718 2286 2783 mathematica
2349 2726 2409 2781 et
2466 2718 2690 2803 Pytha-

674 2836 876 2920 gorica
934 2836 1209 2921 tetigisse
1236 2878 1240 2882 -
1272 2849 1455 2919 atque
1516 2836 1658 2901 inde
1705 2836 1950 2901 fluxisse
1997 2821 2461 2901 commentarios
2510 2858 2688 2920 quos-

674 2953 812 3017 dam
868 2954 1247 3019 continentes
1309 2954 1705 3034 Πυθαγόρεια,
1754 2978 1910 3039 quae
1955 2957 2019 3020 in
2056 2956 2350 3042 'Epistola
2393 2962 2689 3040 tanquam

672 3071 947 3137 Platonis
994 3074 1396 3151 ὑπομνήματα
1440 3081 1872 3138 memorantur.

763 3191 856 3255 Ex
916 3192 993 3255 iis
1062 3214 1216 3276 quae
1280 3193 1533 3277 exposui
1580 3193 1695 3256 hoc
1744 3192 2020 3257 efficitur.
2093 3193 2445 3257 Aristotelis
2493 3200 2689 3257 aetate

676 3318 737 3373 et
812 3312 1085 3395 proximo
1148 3311 1431 3396 deinceps
1500 3319 1773 3397 tempore
1846 3311 2166 3376 doctorum
2235 3312 2519 3376 manibus
2588 3312 2692 3374 tri-

674 3438 809 3493 tum
875 3430 1062 3495 fuisse
1116 3431 1619 3495 commentarium
1673 3430 1947 3495 Platonis
1995 3431 2240 3495 nomine
2294 3430 2686 3515 insignitum,

677 3550 777 3613 cui
838 3549 1059 3614 titulus
1124 3557 1281 3614 esset
1343 3548 1605 3629 άγραφα
1669 3550 1987 3628 δόγματας
2036 3550 2262 3627 alium,
2311 3549 2528 3633 prioris
2575 3550 2691 3612 for-

675 3675 836 3731 tasse
882 3675 1112 3751 partem
1131 3718 1148 3745 ,
1215 3668 1578 3753 inscriptum
1639 3669 1961 3748 διαιρέσειςς
2008 3668 2262 3732 fortasse
2310 3667 2492 3730 etiam
2539 3667 2687 3731 alios

674 3786 799 3865 περὶ
847 3788 1110 3863 τάγαθοῦ
1130 3840 1147 3862 ,
1212 3788 1337 3866 περὶ
1384 3787 1743 3869 φιλοσοφίας
1762 3836 1782 3864 ,
1830 3788 1954 3879 περὶ
2002 3788 2396 3866 Πυθαγορείων
2441 3786 2690 3871 inscrip-

750 4077 795 4135 1)
832 4076 1011 4125 Locum
1047 4076 1163 4125 citat
1198 4076 1524 4133 Schiirmann,
1559 4074 1617 4123 de
1650 4074 1754 4123 Deo
1790 4074 1979 4123 Platon.
2015 4090 2062 4137 p.
2099 4074 2179 4121 20.
2231 4074 2480 4123 Invenitur
2503 4074 2550 4121 iu
2578 4073 2695 4123 Mei-

682 4172 825 4220 bomii
873 4171 1033 4235 Antiq.
1071 4171 1236 4219 music.
1273 4176 1398 4219 auct.
1434 4174 1643 4234 septem,
1677 4171 1728 4229 Ι,
1755 4182 1810 4234 p.
1846 4170 1926 4219 30.
1988 4218 2006 4227 ,,
