3025 5067
1246 431 1369 491 195

292 637 557 707 σύνθεσίς
604 638 775 703 ἐστιν.
847 635 943 700 Cf.
991 658 1051 721 p.
1100 639 1228 699 425
1280 638 1355 701 A.
1389 636 1461 701 Β.
1494 634 1682 723 Soph.
1716 658 1774 720 p.
1811 638 1936 699 263
1971 636 2047 700 D.
2083 635 2310 700 Verum

294 754 554 841 Cratylo
586 756 673 820 sic
703 778 852 819 usus
899 762 991 819 est
1022 756 1279 841 scriptor
1303 806 1321 835 ‚
1372 764 1441 821 ut
1481 777 1637 838 quae
1667 754 1939 819 Platonis
1969 755 2154 819 fuerit
2183 776 2304 818 sen·

294 876 501 939 tentia
544 897 759 959 parum
791 875 1163 959 perspexisse
1209 873 1503 940 videatur.
1598 872 1919 939 Tractatur
1962 874 2028 937 in
2073 895 2144 937 eo
2188 872 2313 937 dia·

297 994 449 1078 logo
511 994 810 1082 quaestiO,
873 1000 1081 1057 utrum
1124 993 1375 1058 nomina
1418 994 1543 1059 sint
1571 993 1747 1073 φύσει
1780 1014 1859 1057 an
1889 992 2070 1067 θέσει,
2102 1000 2310 1057 utrum

300 1111 603 1175 naturalis
674 1112 755 1177 sit
812 1110 1247 1176 vocabulorum
1312 1132 1449 1178 cum
1511 1110 1694 1176 rebus
1753 1108 2138 1175 necessitudo
2153 1158 2173 1187 ‚
2235 1130 2312 1173 an

298 1250 417 1313 pro
464 1229 711 1294 arbitrio
756 1229 937 1294 rebus
982 1230 1107 1295 sint
1149 1229 1455 1315 imposita.
1517 1227 1828 1293 Posterius
1859 1227 2134 1293 defendit
2162 1225 2315 1291 Her-

298 1370 625 1441 mogenes,
690 1348 795 1431 qui
857 1347 1171 1412 contendit
1228 1348 1478 1413 nomina
1535 1347 1694 1411 facta
1737 1368 1866 1411 esse
1925 1347 2166 1427 συνθήκῃ
2217 1345 2315 1409 καὶ

298 1467 605 1549 ὁμολογία,
656 1465 717 1531 h.
766 1488 817 1530 e.
864 1466 1050 1543 θέσεις
1098 1466 1469 1531 contrarium
1515 1464 1714 1549 placet
1759 1462 2004 1549 Cratylo
2021 1512 2041 1541 ‚
2089 1461 2189 1526 cui
2218 1460 2322 1525 So-

297 1592 497 1647 crates
576 1583 668 1647 vel
728 1584 933 1669 potius
980 1582 1158 1647 Plato
1220 1583 1554 1647 assentitur
1621 1589 1870 1646 eatenus
1885 1631 1903 1658 ‚
1975 1580 2140 1664 quod
2186 1601 2320 1645 cen-

297 1710 399 1765 set
456 1700 636 1778 ὅνομα
700 1725 828 1798 esse
892 1704 1248 1781 πράγματος
1308 1702 1556 1778 δήλωμα
1615 1702 1737 1764 sive
1793 1699 2041 1778 μίμημα
2101 1714 2321 1765 συλλα-

294 1820 449 1895 βαῖς
509 1819 608 1883 καὶ
672 1817 1021 1897 γράμμασιν
1074 1822 1156 1903 (p.
1206 1821 1333 1882 433
1397 1818 1469 1883 B.
1525 1818 1601 1883 cf.
1658 1841 1718 1904 p.
1774 1820 1902 1883 423
1957 1816 2061 1901 E),
2132 1826 2317 1903 atque

298 1942 456 2001 adeo
517 1937 821 2002 vocabula
880 1937 995 2001 rite
1046 1938 1207 2001 facta
1267 1939 1532 2023 ipsarum
1577 1959 1779 2002 rerum
1827 1958 1954 2001 esse
2000 1936 2320 2021 imagines:

293 2054 385 2119 τὰ
446 2057 493 2117 δ’
547 2056 811 2133 ὀνόματα
846 2104 861 2119 .
893 2105 907 2119 .
936 2105 951 2119 .
998 2058 1459 2133 ὡμολογήκαμεν
1519 2057 1602 2121 τα
1653 2062 1846 2128 καλῶς
1907 2055 2146 2131 κείμενα
2181 2105 2197 2121 .
2243 2105 2257 2119 .
2302 2124 2318 2141 ο

293 2171 443 2239 εἶναι
512 2176 731 2245 εἴκονας
802 2182 913 2239 τῶν
981 2173 1351 2253 πραγμάτων
1420 2178 1503 2259 (p.
1577 2176 1704 2237 439
1777 2176 1874 2257 A).
1967 2170 2113 2237 Non
2181 2194 2321 2237 vero

292 2292 631 2357 assentitur
698 2291 894 2357 eidem
965 2290 1213 2377 Cratylo
1283 2292 1562 2377 opinanti
1630 2300 1944 2377 propterea
2004 2290 2324 2357 vocabulo-

292 2432 437 2474 rum
510 2411 633 2475 sive
712 2410 958 2494 linguae
1048 2410 1455 2494 cognitionem
1537 2410 1696 2477 viam
1765 2430 1894 2473 esse
1963 2408 2039 2473 ad
2121 2430 2322 2473 rerum

295 2530 633 2593 scientiam.
725 2528 765 2591 J
768 2552 863 2593 am
916 2551 1057 2593 vero
1120 2528 1270 2613 quid
1315 2528 1566 2593 noster?
1657 2527 1823 2593 Dicit
1882 2527 1947 2592 in
2015 2526 2324 2591 vocabulis

298 2670 431 2709 esse
489 2646 645 2709 nihil
702 2646 979 2728 βέβαιον,
1044 2648 1193 2731 quin
1262 2646 1415 2711 οὐδὲν
1478 2648 1713 2711 κωλύειν
1773 2645 1854 2711 τοὶ
1913 2652 2008 2711 νῦν
2077 2668 2328 2726 ‹tr-por-

297 2766 493 2841 γύλα
536 2766 871 2843 καλούμενα
916 2764 1121 2831 εὐθέα
1165 2768 1511 2840 κεκλῆσθαι,
1551 2766 1634 2829 τοὶ
1671 2766 1946 2830 τέὐθὲα
1979 2764 2045 2837 δὴ
2076 2787 2327 2844 στρογ.

300 2882 537 2959 ymos:
587 2884 703 2947 hoc
750 2892 841 2949 est
884 2883 1065 2981 plane
1111 2884 1174 2948 id
1218 2884 1419 2969 ipsum
1453 2883 1620 2968 quod
1652 2882 1964 2947 contendit
1997 2882 2323 2967 Hermoge-

300 3023 439 3078 neS,
488 3023 547 3085 p.
597 3003 724 3065 384
770 3000 861 3065 D:
911 3003 1033 3079 ἐμοὶ
1070 3004 1189 3081 γὰρ
1226 3003 1407 3072 δοκεῖ,
1448 3002 1481 3067 δ’
1505 3026 1562 3067 τι
1601 3000 1673 3066 ἂν
1697 3002 1784 3072 τίς
1815 3026 1896 3080 τῳ
1919 3004 2082 3075 θῆται
2115 3000 2319 3084 ὄνομα,

300 3122 461 3184 τοῦτ’
490 3111 632 3183 εἶναι
679 3120 776 3184 καὶ
823 3119 890 3184 τὸ
934 3117 1081 3200 ὁῃθόν
1112 3143 1126 3157 ·
1175 3120 1271 3185 καὶ
1318 3118 1390 3185 ἂν
1438 3117 1597 3192 αὖθις
1645 3122 1708 3197 γ’
1732 3116 1912 3197 ἕτερον
1957 3122 2319 3202 μεταθῆται,

304 3239 477 3304 ἐκεῖνο
536 3238 595 3302 δὲ
656 3238 861 3314 μηκέτι
908 3248 1063 3319 καλῇ
1084 3290 1101 3312 ,
1132 3289 1147 3304 .
1177 3288 1192 3304 .
1221 3288 1235 3304 .
1298 3239 1449 3305 οὐδὲν
1512 3236 1679 3315 ἦττον
1734 3240 1892 3304 τοῦτ’
1937 3234 2080 3303 εἶναι
2140 3240 2285 3318 ὀρθὸν
2303 3289 2320 3311 ,

306 3356 372 3419 τὸ
434 3356 746 3431 μετατεθὲν
764 3405 781 3436 ,
855 3361 955 3419 τοῦ
1020 3356 1283 3436 πρότερον
1343 3355 1634 3434 κειμένους
1706 3378 1889 3441 quam
1959 3356 2324 3421 sententiam

308 3482 517 3539 eontra
562 3473 865 3558 improbat
914 3473 1109 3538 Plato.
1140 3474 1190 3559 1)

394 3592 691 3678 Deinceps
738 3593 1019 3677 sequitur
1062 3593 1129 3657 in
1178 3591 1456 3676 Epistola
1501 3592 1674 3657 locus
1719 3591 2161 3683 memorabiliS,
2194 3613 2317 3675 quo

305 3710 557 3779 docetur
617 3733 823 3776 omnes
883 3712 992 3795 qui
1049 3733 1176 3775 non
1234 3709 1349 3775 rite
1408 3712 1701 3793 ἐπιστήμῃ
1761 3710 1985 3775 eruditi
2045 3711 2168 3774 sint
2182 3758 2200 3787 ‚
2247 3711 2312 3775 in

306 3829 723 3915 cognoscendo
769 3837 829 3897 et
874 3828 1245 3914 disputando
1289 3828 1438 3894 falli.
1487 3828 1744 3914 Legitur
1789 3853 1848 3915 p.
1897 3832 2024 3895 343
2074 3829 2123 3891 O
2169 3829 2312 3893 inde

372 4120 421 4180 1)
453 4119 666 4168 Platonis
696 4117 981 4168 sententiam
1014 4115 1255 4167 subtiliter
1288 4116 1492 4183 explicat
1529 4117 1740 4167 Dittrich
1759 4155 1771 4174 ‚
1806 4116 2000 4179 Proleg.
2037 4116 2096 4165 ad
2135 4114 2300 4178 Cratyl

306 4214 435 4277 Lips.
472 4214 625 4271 1841,
658 4228 707 4277 p.
742 4212 805 4261 20
838 4218 887 4261 et
919 4214 978 4261 41
1016 4228 1119 4277 sqq.

1966 4306 2079 4363 13*
