3025 5067
1644 381 1723 443 70

753 582 885 646 Iam
947 605 1018 646 ex
1081 582 1175 646 his
1238 583 1524 669 exemplis
1587 584 1814 649 efficere
1876 564 2019 648 licet
2034 634 2052 663 ,
2105 606 2225 669 qua
2270 592 2398 649 arte
2444 592 2503 648 et
2550 607 2685 669 quo
2740 616 2747 625 ·

656 701 892 786 judicio
939 702 1195 787 scriptor
1240 709 1446 767 noster
1488 704 1554 767 in
1599 702 1894 767 imitando
1927 702 2183 767 Platone
2223 726 2371 767 usus
2404 704 2501 768 sit.
2566 704 2685 768 Uti

661 828 865 884 autem
910 818 1188 883 Platonis
1243 821 1468 905 scripta
1511 821 1666 886 mira
1711 844 1774 885 se
1837 821 2263 887 commendant
2325 823 2450 887 stili
2495 823 2689 887 varie-

659 945 820 1017 tate,
862 939 1056 1003 oratio
1091 938 1273 1002 modo
1311 939 1517 1025 lepore
1554 947 1615 1003 et
1659 946 1979 1004 venustate
2023 940 2282 1025 insignis
2328 948 2451 1019 est,
2496 940 2691 1005 modo

661 1058 959 1141 gravitate
1005 1065 1067 1121 et
1113 1057 1473 1136 altitudine,
1539 1058 1719 1121 modo
1766 1058 2011 1123 subtilis
2057 1066 2150 1123 est
2195 1065 2257 1123 et
2293 1040 2541 1137 sedata,
2589 1060 2691 1123 ita

661 1176 921 1261 scriptor
965 1184 1174 1240 noster
1218 1198 1462 1261 operam
1509 1175 1681 1240 dedit
1725 1183 1798 1241 ut
1841 1177 1907 1241 in
1952 1176 2067 1241 hac
2112 1177 2369 1263 epistola
2413 1178 2690 1243 cuiusvis

663 1295 907 1359 dicendi
952 1295 1188 1379 generis
1237 1295 1413 1378 quasi
1459 1295 1789 1381 specimina
1832 1296 2123 1360 insereret
2137 1322 2157 1375 3
2205 1319 2418 1360 verum
2447 1297 2533 1360 ita
2562 1296 2689 1361 hoc

661 1414 806 1479 fecit
869 1421 941 1477 ut
1001 1413 1078 1477 ab
1137 1413 1440 1478 imitatore
1501 1420 1847 1499 exspectare
1900 1414 2085 1479 licet:
2150 1436 2343 1499 quum
2403 1414 2691 1480 sublimis

663 1555 792 1599 esse
853 1533 1024 1611 vult,
1093 1532 1165 1597 fit
1208 1532 1492 1611 infiatuS,
1558 1554 1751 1616 quum
1812 1539 2145 1611 venustus,
2208 1533 2279 1596 fit
2340 1532 2687 1599 affectatus·

664 1650 964 1737 Exempla
1008 1650 1308 1735 quaedam
1351 1650 1468 1715 hoc
1513 1650 1932 1715 illustrabunt.

754 1767 1042 1834 Celsioris
1105 1768 1348 1834 dicendi
1409 1769 1647 1853 generis
1707 1768 2054 1854 exemplum
2099 1776 2301 1855 petam
2350 1790 2424 1834 ex
2468 1770 2689 1835 eodem

661 1888 797 1951 loco
858 1886 967 1951 ubi
1027 1886 1246 1953 Dionis
1309 1886 1518 1951 amicis
1586 1886 1841 1951 consilia
1901 1886 2027 1951 dat.
2118 1887 2459 1952 Memorata
2518 1888 2692 1951 tristi

661 2005 881 2071 Dionis
942 2004 1108 2069 vitae
1173 2004 1376 2082 exitu,
1446 2004 1596 2068 haec
1656 2004 1939 2089 subjicit,
2009 2028 2068 2089 p.
2134 2007 2264 2069 334
2326 2003 2417 2070 Cz
2486 2009 2690 2069 Ταῦτ’

660 2122 876 2205 εἴρηται
937 2123 1140 2189 πάντα
1198 2131 1305 2199 τῆς
1366 2120 1708 2200 ξυμβουλῆς
1766 2119 1939 2187 ἕνεκα
1998 2128 2109 2188 τῶν
2170 2122 2450 2189 Διωνείων
2492 2122 2693 2204 φίλων

661 2241 762 2307 καὶ
807 2240 1105 2321 ξυγγενῶν
1124 2263 1139 2277 ·
1199 2238 1583 2319 ξυμβουλεύω
1626 2240 1703 2315 ,δὲ
1762 2240 1830 2317 δή
1891 2266 1949 2307 τι
2013 2240 2078 2326 (l.
2126 2240 2233 2325 ἔτι)
2278 2240 2415 2321 πρὸς
2462 2237 2688 2313 τούτοις

661 2362 768 2434 τὴν
834 2362 1018 2436 αὐτὴν
1083 2358 1422 2439 ξυμβουλὴν
1487 2360 1588 2425 καὶ
1652 2360 1830 2439 λόγον
1907 2360 2003 2426 τὸν
2071 2361 2259 2426 αὐτὸν·
2313 2360 2507 2439 λέγων
2578 2359 2689 2435 ἤδη

659 2479 855 2559 τρίτον·
909 2479 1116 2561 τρίτοις
1183 2478 1317 2559 ὑμῖν
1337 2500 1350 2515 ·
1429 2480 1512 2557 μὴ
1579 2479 1909 2545 δουλοῦσθαι
1983 2480 2263 2545 Σικελίαν
2332 2480 2431 2561 ὑπ’
2473 2480 2685 2559 ἄνθρω-

661 2621 788 2669 ποις
850 2596 986 2675 μηδ’
1045 2594 1237 2673 ἄλλην
1295 2597 1463 2663 πόλιν
1481 2648 1500 2673 ,
1572 2594 1608 2662 δ’
1653 2600 1716 2675 γ’
1762 2596 1901 2675 ε’μὸς
1960 2596 2173 2681 λόγος,
2233 2598 2375 2663 ἀλλ’
2421 2595 2532 2663 ὑπὸ
2594 2596 2689 2660 νό-

658 2740 787 2795 μοις
805 2735 822 2750 ·
913 2715 1044 2781 οὔτε
1111 2716 1231 2796 γὰρ
1296 2722 1416 2788 ’τοῖς
1483 2714 1873 2794 δουλουμένοις
1940 2714 2074 2781 οὔτε
2144 2722 2265 2788 τοῖς
2330 2714 2689 2781 δουλωθεῖσιν

659 2834 892 2914 ἄμεινον
908 2886 927 2913 ,
991 2837 1187 2907 αὐτοῖς
1249 2833 1346 2899 καὶ
1409 2833 1577 2899 παισὶ
1636 2834 1853 2899 παίδων
1912 2833 1971 2899 τ’
2014 2830 2265 2912 ἐκγόνοις
2280 2882 2299 2917 ,
2371 2834 2514 2898 ἀλλ’
2558 2831 2691 2897 ὀλέ-

659 2954 798 3035 θριος
858 2950 1093 3024 παντως
1153 2952 1187 3027 ἦ
1248 2957 1422 3029 πεῖρα
1441 2970 1457 2985 ·
1520 2951 1739 3032 σμικροὶ
1798 2949 1859 3014 δὲ
1917 2949 2019 3015 καὶ
2082 2949 2427 3033 ἀνελεύθερα
2469 2954 2691 3031 ψυχῶν

661 3071 762 3147 ἤθη
828 3070 911 3136 τὰ
977 3075 1228 3135 τοιαῦτα
1295 3066 1578 3151 οὶρποὶζειν
1656 3068 1817 3149 κέρδη
1900 3073 2101 3152 Φιλεῒ,
2191 3068 2347 3135 οὐδὲν
2422 3072 2535 3133 τῶν
2598 3068 2689 3139 εἰς

659 3190 756 3256 τὸν
825 3188 1032 3254 ἔπειτα
1099 3187 1198 3252 καὶ
1267 3188 1350 3260 εἷς
1413 3190 1512 3254 τὸν
1574 3188 1837 3268 παρόντα
1896 3188 2085 3269 καιρὸν
2144 3188 2383 3264 ἀγαθῶν
2443 3185 2542 3250 καὶ
2602 3185 2687 3250 δι-

661 3307 837 3373 καίων
907 3305 1099 3371 εἰδότα
1119 3356 1138 3382 ,
1209 3306 1397 3370 θ.ίων.
1430 3330 1500 3371 τε
1558 3304 1657 3370 καὶ
1719 3304 2091 3385 οὲνθρωπίνων.
2184 3310 2404 3369 Ταῦτα
2465 3308 2687 3383 πρῶτον

659 3427 767 3503 μὲν
813 3426 1010 3490 Δίωνα
1055 3425 1170 3502 ἐγὼ
1227 3422 1587 3504 ἐπεχείρησα
1646 3423 1891 3506 πείθειν,
1951 3423 2205 3504 δεύτερον
2249 3422 2309 3486 δὲ
2354 3421 2683 3495 Διονύσιον,

655 3544 874 3624 τρίτους
921 3542 971 3607 δ’
1005 3545 1160 3622 ὑμᾶς
1207 3548 1302 3607 νῦν
1319 3593 1336 3614 ,
1405 3543 1508 3607 καί
1552 3566 1647 3619 μοι
1708 3542 1969 3606 πείθεσθε
2018 3540 2151 3615 Διὸς
2198 3539 2387 3622 ’τρίτου
2433 3546 2684 3619 σωτῆρος

654 3663 864 3746 χάριν,
942 3657 1048 3726 εἶτ’
1110 3662 1190 3733 εἶς
1260 3662 1546 3726 Διονύσιον
1612 3660 1957 3741 βλέψαντες
2027 3658 2125 3723 καὶ
2195 3659 2426 3733 Δίωνα,
2512 3654 2585 3721 ὧν
2652 3658 2685 3721 ὅ

653 3782 761 3859 μὲν
817 3782 903 3859 μὴ
962 3778 1289 3857 πειθόμενος
1349 3779 1418 3862 ζῇ
1480 3780 1561 3849 ταὶ
1621 3785 1716 3843 νῦν
1777 3780 1841 3843 οὐ
1900 3784 2129 3871 καλῶςῖ
2178 3778 2204 3841 ὅ
2250 3777 2309 3841 δὲ
2357 3776 2689 3854 πειθόμενος

652 3898 884 3975 τέθνηκε
931 3904 1144 3969 καλῶς.

745 4017 989 4082 Referta
1033 4016 1184 4081 haec
1229 4022 1376 4079 sunt
1423 4015 1676 4100 poeticis
1710 4014 2119 4091 dictionibus,
2161 4020 2234 4077 ut
2262 4019 2374 4079 τῶν
2405 4012 2687 4079 Διωνείων
