3025 5067
1679 432 1761 492 20

717 637 1010 722 Dionysio
1055 637 1184 702 dati
1229 644 1464 723 spectat
1508 638 1584 702 ad
1631 637 1695 701 id
1742 636 1907 723 quod
1949 636 2023 701 de
2055 636 2273 701 ultimo
2302 634 2577 700 Platonis
2608 633 2747 697 dis-

715 778 887 820 cessu
933 780 966 821 6
1011 757 1218 821 Sicilia
1260 758 1488 842 legitur
1532 758 1597 820 in
1642 756 1756 840 Ep.
1790 756 1953 843 VH,
1987 779 2047 841 p.
2084 757 2210 819 350
2244 754 2333 818 B:
2365 753 2745 832 ἀπέπεμψεν

713 876 920 956 ἐφόδια
966 875 1126 953 δούς-ς
1175 875 1342 959 quod
1389 883 1595 939 autem
1639 874 1817 938 initio
1864 874 2156 960 epistolae
2188 873 2262 937 de
2302 896 2367 937 se
2396 872 2580 949 dicit,
2611 871 2743 941 τὰς

713 995 998 1072 διαβολάς
1031 996 1329 1075 δυσχερεῖς
1360 996 1536 1068 οὔσας
1562 995 1855 1077 ὑπέμενον,
1885 1001 2119 1079 spectat
2140 993 2218 1057 ad
2244 993 2581 1057 aulicorum
2614 991 2745 1053 cri-

713 1114 1093 1191 minationes.
1172 1114 1354 1179 Unde
1401 1122 1653 1200 apparet
1698 1114 1985 1199 scriptam
2030 1113 2188 1177 hanc
2221 1112 2541 1197 epistolam
2571 1110 2737 1193 fingi

713 1240 852 1316 post
897 1233 1185 1297 ultimum
1231 1233 1564 1297 discessum
1609 1232 1884 1297 Platonis
1930 1256 1963 1296 6
2010 1232 2217 1296 Sicilia
2262 1232 2517 1315 eiusque
2548 1250 2742 1311 argu-

711 1358 988 1416 mentum
1035 1374 1108 1415 ex
1152 1352 1261 1415 illa
1307 1351 1482 1436 (VII)
1530 1351 1788 1416 ductum
1834 1374 1983 1415 esse.
2076 1349 2197 1414 Sed
2242 1350 2309 1413 in
2355 1348 2561 1412 eadem
2603 1346 2744 1430 epi·

717 1470 874 1533 stola
942 1470 1138 1534 multa
1197 1478 1344 1534 sunt
1401 1470 1628 1555 inepta.
1732 1469 2009 1534 Primum
2068 1468 2185 1532 hoc
2201 1517 2220 1548 ,
2284 1466 2451 1551 quod
2510 1464 2745 1548 incipit

715 1588 947 1671 alloqui
1002 1589 1206 1673 plures
1268 1590 1426 1673 (ὑμῖν
1441 1642 1460 1665 ,
1524 1588 1803 1669 ὑμετέροιν
1862 1589 2074 1672 ἀρχὴν)
2090 1637 2109 1666 ,
2164 1592 2317 1672 puta
2362 1584 2741 1669 Dionysium

713 1708 965 1792 ejusque
1025 1708 1239 1771 fratres
1300 1706 1397 1771 vel
1456 1707 1833 1793 propinquos
1848 1756 1867 1784 ,
1930 1714 2064 1770 tum
2128 1713 2333 1770 autem
2396 1704 2601 1767 subito
2646 1701 2741 1764 ad

712 1848 906 1889 unum
967 1825 1334 1909 Dionysium
1397 1826 1699 1889 convertit
1759 1824 2094 1889 orationem
2110 1874 2129 1902 ‚
2180 1846 2363 1907 quem
2409 1843 2604 1905 usque
2648 1820 2743 1882 ad

710 1944 894 2008 finem
940 1944 1171 2028 alloqui
1216 1944 1417 2029 pergit
1462 1944 1559 2028 (σὺ
1604 1944 1663 2008 δὲ
1708 1949 1952 2015 τοιοῦτος
1982 1944 2052 2007 ὤν
2086 1945 2245 2027 616.).
2296 1940 2533 2005 Deinde
2564 1939 2745 2002 dicta

712 2086 925 2148 parum
974 2072 1324 2147 congruunt
1368 2062 1613 2126 Platoni
1661 2084 1729 2125 ac
1766 2062 1948 2147 plane
1980 2062 2325 2146 discrepant
2356 2060 2433 2124 ab
2463 2060 2539 2122 iis
2571 2080 2741 2141 quae

713 2183 778 2246 in
836 2182 943 2246 III
1005 2191 1065 2246 et
1125 2182 1254 2246 VII
1314 2181 1637 2267 leguntur,
1701 2181 2053 2267 praesertim
2108 2179 2275 2264 quod
2320 2179 2496 2243 initio
2542 2176 2633 2240 de·
2664 2200 2741 2239 se

687 2358 696 2363 .
717 2299 866 2363 dicit
889 2327 902 2363 ε
951 2302 1260 2381 διατρίψας
1286 2302 1401 2378 ἐγὼ
1425 2302 1563 2380 παρ’
1589 2301 1723 2379 ὑμῖν
1743 2300 1943 2381 χρόνον
1971 2303 2236 2363 τοσοῦτον
2255 2296 2368 2362 καῖ
2386 2298 2596 2361 διοικῶν
2624 2296 2745 2369 τὴν

713 2418 994 2499 ὑμετέραν
1036 2420 1228 2500 άρχήν
1243 2468 1258 2495 ,
1286 2419 1462 2497 item,
1496 2418 1862 2498 αὐτοκράτωρ
1902 2416 1961 2481 δὲ
1991 2415 2277 2488 πολλάκις
2306 2416 2412 2489 τὴν
2444 2412 2740 2492 ὑμετέραν
2848 2457 2858 2463 2

712 2538 878 2601 πόλιν
924 2535 1324 2619 διαφυλάξας.
1402 2534 1616 2599 Fuerit-
1660 2535 1837 2599 Plato
1884 2533 2264 2618 aliquamdiu
2308 2554 2531 2616 magna
2560 2530 2737 2615 apud

709 2652 1074 2738 Dionysium
1121 2655 1482 2718 auctoritate
1497 2704 1517 2733 ,
1558 2661 1800 2718 tantum
1846 2660 2007 2717 certe
2050 2673 2390 2736 numquam
2430 2648 2627 2713 valuit
2656 2658 2742 2711 ut

709 2773 1102 2853 αὐτοκράτορα
1145 2795 1208 2835 se
1255 2772 1454 2837 dicere
1500 2779 1721 2857 posset.

800 2891 976 2954 Tales
1033 2891 1110 2955 ob
1157 2892 1422 2955 rationes
1465 2890 1750 2955 Ficinum
1795 2889 1976 2953 credo
2021 2890 2179 2953 hanc
2226 2887 2547 2973 epistolam
2593 2885 2738 2949 Pla-

708 3009 841 3073 toni
887 3009 1264 3095 abjudicasse
1310 3017 1372 3073 et
1416 3009 1605 3073 Dioni
1648 3009 1970 3086 tribuisse,
2012 3030 2193 3091 quem
2224 3006 2500 3092 plerique
2530 3006 2737 3069 secuti

709 3136 874 3192 sunt.
967 3129 1053 3191 At
1113 3118 1259 3192 huic
1302 3129 1506 3192 minus
1554 3128 1737 3191 etiam
1782 3127 2097 3190 convenit:
2145 3148 2286 3189 nam
2334 3123 2500 3209 quod
2545 3124 2734 3188 initio

707 3246 934 3330 legitur
963 3246 1271 3328 διατρίψας
1303 3248 1418 3323 ἐγὼ
1449 3248 1588 3327 παρ’
1619 3246 1752 3320 ὑμῖν
1770 3296 1788 3319 ,
1821 3244 2134 3325 διατρίβειν
2164 3244 2229 3307 111
2260 3242 2395 3306 1060
2426 3265 2552 3306 11011
2578 3242 2733 3306 (1161-

707 3374 810 3427 tur
854 3363 929 3427 (16
958 3363 1078 3427 1061
1108 3364 1312 3428 incola
1324 3390 1344 3441 3
1376 3386 1575 3447 neque
1608 3362 1796 3426 Dioni
1826 3362 2017 3445 magis
2058 3384 2241 3445 quam
2269 3358 2517 3424 Platoni
2544 3360 2733 3424 licuit

707 3482 782 3545 de
828 3505 891 3545 se
939 3481 1170 3545 dicere:
1220 3482 1584 3563 αὐτοκράτωρ
1630 3518 1720 3531 --
1760 3478 2165 3557 διαφυλάξας,
2198 3479 2428 3564 quippe
2458 3479 2568 3564 qui
2597 3501 2730 3544 non

702 3600 792 3662 ita
834 3600 1031 3664 multo
1077 3606 1219 3686 post
1265 3622 1449 3684 quam
1492 3599 1825 3683 Dionysius
1858 3598 2017 3683 patri
2046 3598 2111 3660 in
2142 3619 2399 3681 regnum
2431 3597 2733 3661 successit

705 3720 922 3803 pulsus
969 3728 1143 3784 esset.
1214 3719 1532 3783 Praeterea
1569 3719 1860 3782 viaticum
1891 3717 2080 3781 Dioni
2110 3739 2144 3780 a
2175 3716 2473 3801 Dionysio
2504 3716 2728 3781 datum

704 3860 833 3901 esse
879 3860 1003 3901 non
1034 3837 1378 3923 probabile:
1428 3838 1596 3901 misit
1627 3837 1683 3901 ei
1715 3836 2042 3919 quotannis
2074 3834 2463 3919 praediorum
2495 3841 2557 3899 61
2586 3835 2728 3899 fun-

703 3955 922 4019 dorum
966 3955 1235 4033 reditus3
1298 3965 1363 4020 at
1405 3955 1649 4019 Platoni
1694 3954 1981 4017 viaticum
2028 3953 2241 4017 datum
2288 3976 2418 4016 esse
2463 3975 2729 4019 comme-

702 4081 899 4137 morat
943 4074 1136 4167 etiamv
1172 4073 1452 4160 Epistola
1496 4071 1654 4149 VII,
1702 4095 1761 4155 p.
1812 4073 1939 4176 5350
1988 4072 2059 4134 B.
2123 4070 2339 4133 Fuisse
2370 4078 2577 4135 autem
2610 4073 2729 4155 qui

701 4193 1098 4277 opinarentur
1155 4192 1473 4256 Platonem
1530 4212 1735 4253 revera
1794 4190 1855 4252 in
1912 4189 2053 4253 aula
2099 4188 2377 4273 Dionysii
2422 4198 2727 4273 tanquam
