3025 5067
1273 399 1351 460 13

304 602 640 690 Epistolam
709 603 846 685 πρὸς
923 603 1330 685 Ἀριστόδημον
1344 654 1363 682 ,
1433 626 1544 690 pro
1606 626 1729 688 quo
1789 604 2025 669 codices
2084 604 2313 671 habent

304 724 710 804 Ἀριστόδωρον.
799 716 1037 787 Notum
1095 732 1188 787 est
1244 729 1474 787 veteres
1533 724 1781 788 nomina
1839 724 2082 810 propria
2134 748 2311 811 saepe

306 850 612 907 contracta
657 852 765 906 aut
809 842 1032 905 omissa
1075 842 1500 907 terminatione
1548 842 1808 908 scribere
1847 843 2059 907 solitos
2088 844 2277 907 fuisse
2288 893 2307 922 ‚

300 960 443 1025 inde
485 982 769 1044 magnam
812 959 1130 1023 nominum
1177 959 1454 1024 similiter
1493 960 1919 1045 incipientium
1950 969 2144 1025 ortam
2177 984 2307 1025 esse

300 1078 714 1143 confusionem
746 1079 820 1163 ¹):
891 1100 1078 1162 quare
1141 1078 1453 1164 probabile
1513 1088 1609 1143 est
1671 1079 1827 1143 hanc
1880 1101 2125 1164 quoque
2186 1103 2307 1145 am-

299 1197 514 1262 borum
573 1198 890 1263 nominum
946 1198 1454 1283 permutationem
1505 1197 1892 1263 librariorum
1948 1199 2306 1285 compendio

298 1317 520 1382 deberi.
591 1317 746 1381 Uter
791 1326 994 1381 autem
1040 1316 1260 1382 titulus
1304 1316 1735 1402 praeferendus
1782 1318 1892 1395 sit,
1926 1317 2095 1382 haud
2128 1317 2306 1382 facile

296 1434 616 1521 dijudicari
674 1441 908 1521 potest;
977 1434 1195 1520 opinor
1252 1441 1456 1499 tamen
1518 1435 1725 1521 potius
1791 1458 1933 1500 cum
1992 1435 2307 1501 codicibus

295 1554 682 1619 scribendum
742 1576 871 1618 esse
929 1553 1064 1635 πρὸς
1107 1553 1535 1635 Ἀριστόδωρον,
1594 1576 1786 1639 quum
1830 1554 2017 1640 hujus
2062 1578 2309 1639 quoque

295 1696 518 1737 nomen
564 1674 896 1760 praefixum
928 1674 1010 1737 sit
1045 1673 1112 1738 in
1141 1674 1234 1738 Io.
1281 1674 1643 1738 Damasceni
1657 1724 1678 1752 ‚
1711 1673 1931 1738 Parall.
1966 1675 2030 1738 in
2063 1673 2307 1738 Stobaei

295 1792 505 1857 Floril.
554 1792 834 1878 Append.
880 1791 995 1869 1v‚
1042 1815 1102 1878 p.
1155 1796 1234 1856 19
1285 1792 1591 1857 eaisford.
1652 1773 1661 1785 “

384 1911 598 1975 Altera
655 1910 994 1976 differentia
1053 1912 1118 1975 in
1177 1911 1294 1975 hoc
1354 1912 1556 1997 posita
1614 1921 1709 1976 est
1721 1961 1740 1992 ,
1800 1911 1966 1995 quod
2026 1910 2307 1976 Laertius

293 2037 575 2095 numerat
597 2037 861 2114 quatuor
890 2030 1198 2115 Epistolas
1229 2030 1366 2109 πρὸς
1399 2032 1713 2107 Διονύσιον,
1747 2030 2069 2116 pleraeque
2102 2040 2306 2095 autem

295 2150 592 2215 editiones
636 2149 780 2213 inde
826 2172 861 2213 a
904 2148 1118 2213 Ficino
1165 2156 1226 2213 et
1271 2150 1416 2213 edit.
1468 2149 1656 2213 Basil.
1712 2153 1767 2213 1.
1817 2173 2003 2215 unam
2050 2150 2269 2215 harum
2285 2202 2304 2229 ,

294 2268 587 2353 primam,
635 2291 756 2332 non
804 2267 1081 2346 Platoni,
1129 2266 1235 2331 sed
1273 2267 1460 2331 Dioni
1492 2267 1824 2332 ascribunt.
1850 2269 1900 2352 2)
1969 2267 2135 2332 Huic
2167 2290 2308 2331 vero

296 2388 502 2452 obstat
561 2386 840 2451 codicum
903 2387 1231 2451 auctoritas
1247 2437 1266 2465 ,
1331 2388 1439 2470 qui
1492 2395 1736 2453 tantum
1779 2410 1905 2451 non
1952 2410 2159 2452 omnes
2176 2437 2195 2466 ,
2243 2388 2307 2451 in

295 2506 392 2570 his
438 2506 752 2570 Parisinus
784 2518 838 2572 Δ
873 2513 933 2569 et
976 2514 1207 2591 septem
1237 2506 1610 2584 Florentini,
1658 2506 2019 2592 inscriptum
2051 2507 2307 2571 habent:

293 2626 550 2693 Πλάτων
611 2627 880 2707 Διονυσίῳ
941 2622 1004 2692 εὖ
1062 2624 1355 2708 πράττειν.
1390 2628 1442 2711 3)
1534 2627 1806 2691 Eandem
1851 2626 2311 2712 inscriptionem

296 2746 638 2831 Diogenem
699 2754 758 2809 et
817 2744 1208 2830 Thrasyllum
1267 2745 1332 2809 in
1394 2745 1522 2809 suis
1568 2744 1739 2809 libris
1783 2745 2003 2829 legisse
2048 2767 2173 2808 non
2220 2750 2311 2808 est

295 2864 464 2949 quod
511 2863 881 2928 dubitemus,
944 2862 1164 2947 Neque
1210 2885 1352 2927 vero
1396 2862 1617 2927 idonea
1662 2871 1791 2928 erat
1836 2885 2020 2927 causa
2050 2886 2159 2927 cur
2190 2862 2313 2927 edi-

290 2992 456 3048 tores
502 2984 756 3047 titulnm
800 2989 1128 3047 mutarent.
1191 2980 1354 3046 Nam
1394 2982 1561 3066 quod
1600 2982 1775 3047 aiunt
1804 2982 2095 3068 epistolae
2125 2982 2309 3045 huius

293 3109 726 3188 argumentum
748 3102 1024 3166 Platonis
1049 3124 1336 3187 personae
1369 3109 1430 3167 et
1460 3101 1643 3166 rebus
1667 3124 1789 3165 non
1823 3124 1951 3165 esse
1984 3123 2312 3165 accommo-

291 3222 539 3300 datum,
588 3230 650 3286 at
689 3244 814 3286 non
859 3222 1052 3305 magis
1083 3221 1398 3305 congruit,
1446 3222 1571 3284 imo
1595 3220 1799 3285 minus
1832 3221 2011 3284 etiam
2032 3270 2048 3297 ,
2094 3220 2309 3284 Dionis

290 3364 586 3427 personae
603 3392 620 3419 ‚
700 3340 866 3425 quod
935 3340 1092 3405 infra
1161 3340 1496 3405 ostendam.
1592 3340 1810 3424 Itaque
1882 3346 2308 3423 argumentum

368 3622 421 3684 1)
458 3620 566 3671 vid.
600 3620 783 3680 Cobet,
819 3621 929 3671 Var.
961 3620 1119 3670 Lectt.
1150 3636 1199 3685 p.
1238 3619 1351 3673 2⁴71.

363 3718 415 3779 2)
449 3716 508 3766 Id
551 3732 639 3781 pro
687 3732 800 3766 vero
842 3720 1068 3781 certoque
1113 3716 1280 3766 habuit
1313 3716 1647 3775 Tennemann,
1682 3716 1808 3781 Syst.
1845 3714 1928 3765 der
1962 3715 2083 3765 Plat.
2117 3715 2235 3780 phil.
2269 3716 2315 3767 Ι.

293 3830 343 3879 p.
383 3811 496 3865 107.
565 3813 662 3872 „Es
694 3813 758 3861 ist
790 3812 904 3862 aber
935 3828 994 3861 zu
1030 3812 1286 3862 bemerken
1319 3813 1426 3862 dass
1459 3812 1699 3877 Diogenes
1732 3813 1823 3861 den
1858 3815 2013 3861 ersten
2050 3816 2202 3879 unter,
2222 3811 2310 3861 don

292 3908 425 3958 noch
458 3907 824 3967 vol-hundeum,
869 3908 958 3956 wie
1000 3907 1163 3974 billig,
1210 3908 1342 3958 nicht
1387 3908 1478 3957 mit
1512 3910 1653 3957 unter
1687 3908 1775 3957 den
1810 3907 2144 3957 Platonischen
2180 3908 2314 3957 rech·

293 4008 414 4065 net,
462 4004 568 4053 weil
615 4020 667 4053 er
697 4004 788 4053 den
834 4003 928 4052 Dio
974 4016 1082 4052 zum
1116 4003 1360 4053 Ver'fasser
1394 4003 1527 4054 hat?
1595 4005 1793 4053 Secutus
1827 4008 1899 4053 est
1932 4004 1982 4053 in
2015 4004 2107 4053 hoc
2141 4004 2320 4053 Wesse-

293 4099 504 4164 lingium
537 4097 692 4163 Epist.
725 4098 787 4147 ad
821 4097 1108 4157 Venemam,
1142 4113 1192 4162 p.
1226 4098 1308 4147 42.

364 4194 416 4257 8)
450 4192 560 4245 Vid.
593 4192 858 4243 Stanbaum
892 4193 965 4242 ed.
1001 4191 1126 4242 Plat.
1162 4210 1274 4258 opp.
1309 4194 1392 4243 Gr.
1428 4194 1539 4243 Var.
1574 4193 1705 4243 lectt.
1742 4193 1876 4242 Tom.
1911 4192 2017 4241 xn.
2052 4207 2099 4256 p.
2133 4192 2249 4244 467.
