3025 5067
1299 380 1380 439 93

319 589 425 649 νῦν
467 584 534 659 δὴ
577 585 861 665 γενομένῳ
875 634 894 662 ,
945 582 1072 665 περὶ
1117 581 1184 649 οὗ
1227 608 1322 662 μοι
1367 584 1434 649 τὸ
1479 584 1729 665 δεύτερον
1765 586 2157 664 ἀπολογητέον
2186 586 2333 666 ἔφην

318 699 491 767 εἶναι.
575 701 749 783 Quae
817 701 1000 767 verba
1045 702 1162 767 hoe
1207 702 1592 788 significant:
1654 704 1875 783 „venio
1936 702 2014 767 ad
2074 704 2331 769 alterum

1280 822 1299 850 5

320 829 753 905 argumentum
814 822 1000 907 priori
1063 821 1279 887 affine?
1389 822 1660 907 Scriptor
1711 822 1857 887 dum
1906 830 2159 908 argutus
2204 846 2332 887 esse

320 939 563 1018 studet,
627 941 697 1004 fit
754 940 1048 1005 obscurus
1062 990 1081 1019 ,
1147 961 1304 1025 quae
1365 947 1571 1005 tamen
1624 940 1960 1006 obscuritas
2007 942 2209 1006 neseio
2255 964 2331 1005 an

321 1066 508 1124 aucta
568 1060 649 1125 sit
707 1059 889 1144 culpa
948 1059 1178 1124 librarii
1194 1108 1213 1138 ,
1277 1082 1468 1144 quum
1526 1068 1833 1125 auctorem
1892 1061 1979 1125 ita
2023 1061 2332 1146 scripsisse

321 1178 625 1263 suspicer:
673 1179 882 1260 σχεδὸν
927 1178 976 1242 δ’
1023 1180 1101 1251 εἷς
1152 1178 1326 1255 λόγον
1363 1181 1392 1245 ὅ
1435 1180 1609 1256 λόγος
1657 1179 1773 1255 ἥκει
1818 1204 1913 1259 μοι
1957 1178 2222 1261 ξυνεχῆ
2251 1182 2332 1261 τῷ

317 1302 421 1361 νῦν
479 1297 544 1371 δὴ
603 1295 928 1381 λεγομένῳ,
993 1295 1117 1377 περὶ
1177 1293 1242 1361 οὗ
1305 1297 1425 1363 κτέ.
1481 1300 1557 1363 ’0
1606 1303 1699 1362 νῦν
1742 1298 2055 1377 λεγόμενος
2100 1305 2334 1383 spectat

320 1415 404 1479 ad
465 1438 534 1480 ea
579 1438 735 1500 quae
782 1414 961 1480 modo
1010 1414 1174 1479 dieta
1217 1422 1394 1493 sunt,
1443 1415 1575 1499 περὶ
1621 1412 1688 1480 οὖ
1729 1421 1795 1481 τὸ
1840 1416 2091 1497 δεύτερον
2136 1416 2214 1480 ad
2260 1438 2332 1481 ea

321 1556 482 1618 quae
522 1535 647 1619 jam
693 1533 968 1598 dicende.

412 1651 693 1717 Ceterum
761 1658 993 1717 tantam
1063 1649 1414 1715 huiusmodi
1481 1651 1855 1735 argutiarum
1926 1650 2140 1717 silvam
2185 1674 2327 1717 eon-

319 1772 483 1835 tinet
550 1770 696 1835 haec
757 1769 1045 1855 epistola,
1095 1777 1168 1833 ut
1219 1768 1494 1854 exemplo
1546 1792 1675 1833 esse
1728 1771 1919 1855 possit
1934 1819 1953 1848 ,
2009 1770 2157 1855 quid
2216 1770 2330 1836 hac

319 1890 389 1953 in
457 1911 521 1952 re
587 1888 905 1953 vitandum
975 1888 1072 1951 sit.
1171 1886 1377 1952 Pauca
1443 1886 1707 1952 afferam.
1777 1912 1837 1973 p.
1909 1890 2035 1952 316
2084 1888 2177 1952 D‘:
2230 1891 2329 1955 οὐκ

319 2005 620 2091 ἄρχοντα,
680 2008 922 2085 οἰόμενον
966 2008 1012 2071 δ’
1036 2005 1273 2091 ἄρχειν,
1322 2007 1430 2071 ὑπὸ
1477 2006 1536 2071 δὲ
1579 2006 1840 2073 τοιούτων
1884 2008 2182 2089 ἀνθρώπων
2227 2009 2327 2089 ἆρ-

318 2126 590 2207 χόμενον.
630 2150 689 2211 p.
729 2128 853 2217 SIZ
897 2124 980 2189 O:
1028 2126 1200 2206 ἑώρων
1243 2126 1361 2205 γαρ
1407 2124 1503 2189 καὶ
1543 2125 1679 2191 τότε
1738 2124 1837 2189 καὶ
1897 2130 1991 2191 νῦν
2023 2126 2141 2205 ὁρῶ.
2177 2125 2325 2191 ibid.

319 2244 412 2308 D:
461 2246 542 2311 τα
583 2245 845 2327 σφέτεροι
891 2244 1128 2320 πάντα,
1177 2242 1298 2320 ἐξὸν
1340 2244 1426 2321 μη
1469 2244 1838 2318 απωλέσθαι,
1880 2242 2143 2307 διώλετο.
2178 2242 2328 2307 ibid.

319 2362 405 2427 E:
468 2368 551 2441 μὴ
581 2363 1000 2440 ’διανείμασθαι
1062 2362 1193 2434 τοὺς
1255 2360 1749 2440 διανειμαμένους.
1797 2384 1857 2445 p.
1904 2362 2031 2424 318
2079 2360 2167 2424 D:
2222 2369 2329 2437 τῆς

318 2483 605 2555 κοινωνίας
643 2492 746 2559 τῆς
785 2484 928 2559 ε’μῆς
966 2480 1066 2547 καὶ
1103 2490 1236 2579 σῆς,
1271 2488 1333 2545 et
1362 2480 1547 2566 paulo
1576 2487 1741 2565 post:
1781 2482 1885 2554 τὴν
1917 2482 2059 2558 ἐμὴν
2093 2482 2191 2546 καὶ
2226 2482 2329 2557 σὺν

318 2602 689 2681 λυκοφιλίαν.
729 2601 878 2666 ibid.
927 2599 1010 2664 E:
1057 2609 1161 2675 τῆς
1205 2602 1350 2678 ἐμῆς
1394 2599 1736 2678 μεταβολῆς
1754 2648 1773 2682 ,
1807 2600 1853 2664 εἰ
1883 2598 2327 2677 μετεβαλόμην.

321 2719 420 2784 Cf.
467 2720 582 2806 ΕΡ.
628 2720 734 2797 Π,
775 2723 903 2784 312
944 2722 1034 2783 A:
1069 2721 1116 2785 οἱ
1152 2720 1398 2799 βοῶντες
1425 2770 1439 2785 .
1469 2770 1484 2785 .
1513 2770 1527 2785 .
1568 2724 1771 2783 ταῦτα
1809 2718 1873 2792 δὴ
1909 2718 2328 2797 διαβεβόηται.

320 2862 384 2923 Ρ.
445 2842 572 2903 313
619 2838 697 2903 D.
745 2838 831 2903 E:
880 2841 908 2904 ὁ
941 2838 1434 2918 ἐμπορευσάμενος
1461 2888 1475 2903 .
1506 2887 1521 2902 .
1551 2886 1565 2901 .
1620 2844 1725 2912 τῆς
1771 2836 2047 2916 ἐμπορίας
2074 2886 2088 2902 .
2119 2885 2133 2903 .
2165 2886 2179 2902 .
2229 2838 2331 2915 ε’μ-

319 2959 678 3037 πορεύσεται.
746 2956 892 3021 Non
952 2958 1173 3021 mirum
1219 2963 1422 3019 autem
1468 2956 1521 3020 si
1565 2956 1743 3019 inane
1788 2954 1957 3019 istud
2005 2953 2323 3019 verborum

319 3076 654 3160 aucupium
715 3075 1026 3160 scriptoris
1079 3074 1311 3159 judicio
1371 3072 1559 3137 officit
1618 3079 1680 3135 et
1724 3072 2090 3149 orationem,
2140 3093 2321 3155 quam

319 3189 631 3282 copiosam
681 3195 930 3259 reddere
975 3194 1220 3270 nititur,
1267 3192 1413 3257 facit
1455 3192 1843 3257 lutulentam.
1936 3189 2090 3253 Inde
2136 3190 2205 3253 fit
2251 3196 2323 3255 ut

319 3337 448 3379 non
507 3336 644 3378 raro
705 3313 972 3378 offendas
1031 3314 1096 3377 in
1157 3310 1484 3377 sententias
1546 3310 1793 3375 mutilas
1809 3359 1827 3387 ,
1884 3308 2117 3373 hiulcas
2134 3358 2152 3387 ‚
2202 3331 2326 3373 non

312 3435 487 3518 justo
543 3432 754 3497 ordine
815 3418 1072 3496 structss
1089 3480 1108 3509 ,
1171 3432 1344 3495 cuius
1414 3430 1649 3515 generis
1696 3452 1727 3492 e
1772 3428 1980 3491 multis
2027 3450 2218 3490 unum
2270 3434 2330 3490 et

319 3575 518 3615 unum
566 3551 824 3615 alterum
870 3549 1212 3635 exemplum
1257 3548 1517 3613 afferam.

411 3670 688 3735 Primum
735 3669 1075 3754 exemplum
1121 3669 1200 3732 sit
1246 3692 1305 3754 p.
1340 3670 1467 3731 316
1501 3665 1587 3731 O:
1623 3661 1839 3731 ’Ἦλθον
1868 3663 2218 3741 καλούμενος
2249 3664 2327 3737 εἷς

315 3790 698 3872 Συρακούσας
760 3788 872 3853 ὑπό
927 3813 993 3853 τε
1052 3794 1152 3853 σοῦ
1211 3787 1308 3852 καὶ
1377 3786 1587 3857 Δίωνος
1603 3834 1621 3863 ,
1680 3790 1779 3848 τοῦ
1841 3783 1947 3861 μὲν
1992 3781 2325 3859 δεδοκιμασ-

317 3908 492 3987 μένου
555 3910 692 3985 παρ’
741 3906 863 3985 ἐμοὶ
925 3904 1023 3968 καὶ
1084 3903 1239 3980 ξένου
1284 3902 1474 3969 παλαι
1534 3900 1877 3980 γεγονότος,
1939 3900 1994 3963 ἓν
2042 3898 2237 3981 ἡλικία
2280 3898 2329 3961 δ’
2412 3952 2424 3957 -

315 4026 475 4096 ὄντος
520 4023 670 4107 μέση
727 4024 824 4088 καὶ
888 4023 1272 4105 καθεστηκυίᾳ
1287 4074 1304 4105 ,
1368 4018 1439 4085 ὧν
1483 4021 1549 4095 δὴ
1596 4018 1944 4084 παντάπασι
1990 4016 2164 4098 χρεία
2209 4024 2325 4089 τοῖς

315 4150 446 4208 νοῦν
495 4140 612 4223 χκαὶ
673 4142 905 4225 σμικρὸν
961 4140 1321 4219 κεκτημένοις
1383 4141 1660 4219 μέλλουσι
1720 4137 1843 4217 περὶ
1892 4136 2169 4200 τοσούτων
2215 4130 2326 4199 ὅσα
