3025 5067
1577 369 1696 428 152

628 575 968 660 (Plutarch.
1010 575 1192 639 Dion.
1235 598 1286 638 c.
1317 577 1452 659 31),
1487 574 1641 638 alter
1672 573 1947 638 ciusdem
1980 572 2259 657 Dionysii
2292 571 2489 649 filius,
2524 593 2651 636 ma÷

625 708 716 759 tre
762 702 943 759 natus
991 677 1455 771 Aristomaches
1491 693 1709 757 Dionis
1757 714 1959 756 sorore
2005 689 2235 776 (Nepos
2282 691 2464 754 Dion.
2522 693 2647 772 1.),

626 815 733 898 qui
795 814 971 879 ambo
1029 821 1222 877 aetate
1284 835 1475 898 paene
1523 835 1697 897 pares
1743 811 1931 875 fuisse
1978 811 2265 875 videntur
2279 836 2297 887 3
2347 832 2533 894 quare
2582 811 2650 874 in

627 934 912 1019 ambiguo
961 942 1052 997 est
1069 983 1086 1010 ,
1136 942 1274 996 uter
1319 932 1537 996 horum
1582 931 1979 1015 intelligatur.
2046 930 2332 1014 Plerique
2378 929 2453 993 de
2500 929 2651 993 Dio·

625 1054 718 1118 nis
766 1053 892 1117 filio
948 1053 1220 1137 cogitant
1236 1078 1254 1130 3
1324 1051 1551 1136 quippe
1619 1073 1726 1136 par
1774 1074 1901 1114 esse
1950 1073 2087 1114 cum
2137 1055 2307 1135 patre
2354 1051 2649 1135 conjungi

625 1171 994 1236 mentionem
1036 1171 1182 1248 filii,
1233 1178 1293 1234 et
1332 1172 1470 1255 jure
1519 1170 1743 1255 sperari
1791 1191 2001 1254 posse,
2053 1169 2250 1253 qualis
2298 1176 2468 1254 pater
2499 1168 2650 1231 fuis-

631 1297 750 1366 set,
797 1289 981 1353 talem
1029 1311 1275 1373 quoque
1321 1289 1600 1352 futurum
1652 1287 1865 1350 filium.
1951 1285 2019 1349 Si
2064 1309 2204 1352 vero
2252 1286 2419 1351 hunc
2465 1285 2647 1350 intel-

624 1407 776 1470 lexit
821 1406 1109 1490 scriptor,
1153 1407 1321 1489 gravi
1365 1406 1575 1490 lapsus
1624 1412 1715 1468 est
1762 1427 1979 1468 errore.
2029 1403 2309 1480 Relatum
2360 1411 2452 1469 est
2484 1405 2649 1468 enim

625 1525 700 1589 ab
748 1524 1083 1601 historiciS‚
1134 1523 1350 1587 Dionis
1405 1524 1599 1587 filium
1614 1572 1632 1601 ‚
1689 1544 1813 1586 non
1858 1521 2054 1586 multo
2102 1531 2429 1608 postquam
2475 1531 2652 1608 pater

629 1643 1059 1728 Syracusarum
1107 1641 1360 1726 imperio
1407 1642 1639 1727 potitus
1673 1647 1856 1717 esset,
1893 1640 1969 1704 de
2000 1648 2161 1704 tecto
2195 1640 2437 1704 aedium
2478 1662 2650 1724 prae-

627 1761 873 1846 cipitem
921 1784 984 1825 se
1028 1760 1265 1825 dedisse
1315 1783 1506 1845 coque
1564 1783 1706 1824 casu
1761 1769 2075 1823 mortuum
2122 1782 2277 1824 esse:
2328 1782 2481 1843 quae
2512 1782 2648 1837 165,

631 1888 702 1945 ut
747 1879 955 1966 Nepos
1003 1879 1152 1944 dicit
1198 1880 1403 1963 (Dion.
1454 1902 1504 1943 c.
1557 1882 1616 1943 4.
1666 1879 1979 1943 Plutarch.
2016 1902 2066 1943 c.
2120 1881 2261 1964 55),
2312 1880 2481 1965 gravi
2512 1879 2653 1943 vul-

624 2025 765 2066 nere
824 2001 1021 2065 affecit
1078 2001 1268 2086 patris
1324 2001 1596 2065 animum
1613 2049 1631 2078 ‚
1704 2001 1816 2064 etsi
1885 2000 2287 2064 constantiam
2344 2000 2473 2065 eius
2521 2023 2651 2064 non

627 2120 838 2204 fregit:
881 2119 1273 2203 quamobrem
1317 2118 1608 2182 laudatur
1654 2117 1727 2182 ab
1772 2118 2088 2211 ,Aelianoj
2111 2117 2257 2182 Var.
2302 2118 2461 2182 Hist.
2504 2117 2648 2196 III,

625 2241 700 2315 4,
766 2245 826 2302 et
885 2261 921 2301 a
980 2237 1346 2316 Plutarch0‚
1397 2237 1641 2302 Consol.
1692 2238 1769 2301 ad
1834 2238 2120 2324 Apollon.
2171 2261 2231 2323 p.
2287 2241 2411 2301 119
2464 2240 2522 2302 A
2565 2237 2646 2302 B.

629 2355 954 2436 Quomodo
1014 2356 1332 2421 Platonem
1394 2364 1502 2420 aut
1564 2357 1830 2440 aliquem
1890 2380 1922 2421 6
1970 2357 2187 2422 Dionis
2240 2355 2649 2420 familiaribus

629 2475 837 2560 sugere
882 2497 977 2539 res
1023 2483 1148 2539 tam
1193 2475 1476 2539 luctuosa
1520 2474 1771 2561 potuit?

721 2593 986 2658 Groteus
1047 2592 1233 2677 (Hist.
1282 2593 1350 2656 of
1391 2593 1497 2658 Gr.
1546 2593 1666 2657 vol.
1717 2593 1811 2672 X,
1861 2617 1923 2680 p.
1973 2596 2105 2658 436
2147 2595 2299 2677 not.)
2362 2593 2651 2678 opinatur

629 2711 816 2776 Dioni
859 2710 1015 2774 duos
1045 2711 1232 2776 fuisse
1263 2711 1419 2775 filios
1437 2760 1454 2788 ‚
1490 2733 1755 2796 quorum
1789 2711 2047 2776 alterum
2071 2711 2231 2797 patri
2254 2712 2646 2797 superstitem

626 2831 841 2908 fuisse,
891 2830 1243 2915 praesertim
1289 2830 1456 2914 quod
1500 2830 1783 2895 Timaeus
1823 2831 2042 2895 Dionis
2098 2831 2293 2895 filium
2333 2852 2458 2895 non
2491 2831 2649 2917 Hip-

629 2949 945 3034 parinum,
979 2948 1086 3012 sed
1109 2949 1434 3012 Aretaeum
1465 2950 1849 3014 nominatum
1874 2972 2002 3014 esse
2028 2950 2267 3015 dixerit.
2305 2951 2503 3034 Atqui
2527 2951 2647 3014 hoc

630 3067 952 3133 discrimen
992 3042 1238 3132 'tantum
1282 3076 1372 3132 est
1419 3069 1714 3133 nominis:
1766 3092 1905 3133 nam
1947 3069 2317 3166 Plutarchus
2353 3071 2559 3155 (Dion.
2585 3093 2644 3135 c.

631 3189 739 3272 31)
764 3187 986 3251 diserte
1026 3186 1208 3263 dicit,
1250 3209 1390 3251 eum
1405 3235 1423 3264 ‚
1466 3188 1564 3250 cui
1596 3187 1878 3252 Timaeus
1903 3191 2166 3252 Aretaeo
2196 3211 2418 3253 nomen
2456 3189 2649 3253 fuisse

629 3304 896 3370 narravit
913 3354 932 3382 ,
982 3304 1243 3368 cundem
1287 3305 1474 3368 fuisse
1523 3328 1702 3388 quem
1749 3306 1932 3370 ceteri
1984 3306 2395 3392 Hipparinum
2446 3307 2649 3393 appel-

628 3423 854 3487 larunt.
913 3423 1169 3487 Accedit
1213 3423 1379 3506 quod
1419 3423 1530 3486 illo
1577 3424 1875 3488 exstincto
1907 3424 2170 3490 Dionem
2201 3424 2433 3490 ἄπαιδα
2456 3427 2647 3490 fuisse

632 3565 909 3626 expresse
931 3541 1242 3626 proditum
1275 3549 1365 3605 est
1411 3541 1601 3625 (Plut.
1630 3566 1681 3606 c.
1712 3545 1858 3621 56);
1888 3543 2054 3627 quod
2077 3545 2494 3609 testimonium
2519 3567 2645 3629 quo

624 3662 762 3745 jure
809 3682 920 3744 pro
961 3660 1114 3724 falso
1145 3683 1387 3724 rumore
1417 3662 1610 3745 possit
1644 3661 1851 3726 haberi
1867 3711 1885 3740 ,
1928 3668 2001 3726 ut
2031 3664 2317 3748 opinatur
2341 3662 2643 3742 GroteUS,

630 3779 761 3862 ipse
805 3777 1042 3855 viderit.
1130 3777 1264 3842 Imo
1311 3779 1442 3865 ipsa
1487 3779 1636 3843 haec
1684 3780 1940 3864 epistola
1985 3803 2178 3844 unum
2224 3781 2415 3846 Dioni
2445 3781 2645 3846 filium

631 3897 815 3960 fuisse
861 3918 984 3960 non
1032 3896 1284 3961 obscure
1331 3897 1582 3961 indicat.
1615 3899 1659 3981 ¹)
1706 3898 1805 3962 Ad
1846 3898 2267 3964 affirmandum
2313 3900 2431 3964 hoc
2477 3901 2647 3963 testi-

702 4171 748 4230 1)
786 4169 889 4218 Vid.
924 4186 968 4236 p.
1006 4171 1100 4219 345
1135 4170 1196 4229 C,
1225 4171 1304 4220 sbi
1327 4170 1384 4218 de
1407 4171 1581 4220 Dionis
1604 4170 1977 4238 possessionibus
2000 4187 2144 4236 agens
2161 4143 2427 4236 'Dionysius
2450 4175 2645 4221 conten·
