3025 5067
1682 408 1801 467 140

827 611 1444 676 Animadvertendum
1475 613 1537 676 in
1571 615 1829 677 transitu
1846 663 1864 691 ,
1899 636 2081 697 quam
2114 619 2387 678 accurate
2420 614 2544 693 hic,
2573 615 2747 677 sicut

738 736 912 794 antea
971 731 1034 793 in
1078 730 1420 794 narratione
1465 732 1718 795 secundi
1760 732 1991 800 itineris
2006 781 2025 810 ,
2073 755 2278 796 omnes
2323 733 2584 796 rationes
2629 755 2747 796 ex-

739 849 953 932 plicet,
1002 871 1156 932 quae
1201 849 1314 912 iter
1362 849 1667 934 suscipere
1707 850 2061 928 suaderent,
2109 850 2393 913 nimirum
2440 858 2512 913 ut
2566 850 2747 913 omni

703 948 847 1030 'hac
890 967 954 1030 in
1001 990 1064 1030 re
1111 967 1464 1031 temeritatis
1511 969 1693 1052 culpa
1731 969 1907 1032 Plato
1957 969 2263 1032 liberetur.

824 1087 1151 1171 Dionysius
1213 1093 1338 1150 erat
1385 1087 1765 1165 adolescens,
1829 1095 1900 1151 ut
1945 1087 2127 1164 dicit;
2200 1087 2407 1170 itaque
2474 1087 2747 1150 simulac

735 1206 932 1282 venit,
966 1207 1181 1268 statuit
1211 1205 1472 1269 animum
1499 1206 1629 1270 eius
1661 1206 1988 1291 explorare.
2038 1205 2152 1270 Sed
2191 1206 2309 1269 cito
2345 1205 2559 1269 fefellit
2591 1228 2744 1268 eum

735 1347 900 1408 spes:
965 1324 1295 1409 Dionysius
1355 1325 1435 1389 τοὶ
1495 1326 1757 1402 μέγιστοι
1824 1326 2022 1390 εἰδέναι
2068 1352 2134 1390 τε
2178 1325 2274 1390 καὶ
2322 1327 2523 1397 ἱκανῶς
2568 1325 2739 1404 ἔχειν

734 1450 1134 1524 προσεποιεῖτο.
1167 1441 1314 1530 Mox
1343 1443 1525 1506 etiam
1555 1443 1814 1522 rescivit,
1850 1466 1985 1507 eum
2011 1443 2234 1508 librum
2264 1443 2570 1529 scripsisse
2594 1466 2745 1506 con-

734 1561 1020 1624 tinentem
1056 1583 1124 1623 ea
1155 1582 1310 1644 quae
1341 1559 1646 1644 quondam
1686 1583 1757 1624 ex
1795 1561 2047 1625 Platone
2086 1561 2387 1639 audisset,
2444 1570 2743 1646 corrupta.

732 1685 932 1742 tamen
979 1685 1040 1741 et
1085 1677 1446 1754 deformata,
1495 1677 1767 1742 συνθέντα
1810 1681 1882 1750 ὡς
1928 1679 2103 1743 αὑτοῦ
2148 1680 2357 1760 τέχνην
2374 1728 2392 1756 ,
2440 1679 2591 1744 οὐδὲν
2614 1685 2738 1742 τῶν

731 1799 918 1861 αὐτῶν
949 1792 1021 1860 ὧν
1049 1795 1236 1860 ἀκούοι
1268 1799 1348 1882 (p.
1385 1799 1508 1860 341
1545 1796 1639 1880 Β).
1701 1795 1884 1876 Quod
1915 1797 2018 1860 ille
2047 1797 2257 1861 multis
2304 1797 2497 1860 verbis
2526 1820 2734 1882 repre-

733 1913 964 1977 hendit.
1057 1914 1248 1978 Paulo
1296 1923 1431 1999 post
1477 1915 1637 1980 inter
1681 1914 1885 1980 ambos
1933 1915 2243 1979 altercatio
2290 1915 2485 1978 oritur
2515 1915 2591 1980 de
2623 1915 2739 1978 Di-

733 2053 865 2096 one.
943 2031 1272 2117 Dionysius
1333 2033 1529 2114 vetuit
1589 2033 1771 2096 huius
1833 2041 2249 2118 procuratores
2305 2034 2368 2097 in
2416 2041 2735 2118 posterum

731 2151 962 2216 reditus
1009 2173 1288 2235 agrorum
1333 2151 1410 2214 ad
1455 2151 1713 2216 Dionem
1758 2151 2000 2216 mittere
2047 2154 2127 2237 (p.
2179 2153 2301 2215 345
2344 2151 2436 2237 G).
2528 2151 2739 2214 Plato-

731 2293 868 2334 nem
903 2271 1036 2334 ideo
1070 2270 1232 2335 abire
1262 2271 1607 2356 cupientem
1637 2278 1927 2354 tyrannus
1960 2271 2153 2335 oravit
2186 2279 2256 2334 ut
2286 2270 2363 2334 ad
2387 2270 2735 2354 proximum

732 2412 959 2454 annum
991 2397 1287 2467 maneret3
1335 2389 1468 2468 ille,
1495 2390 1610 2454 etsi
1639 2389 1867 2453 invitus
1882 2439 1901 2468 ,
1934 2397 2137 2454 tamen
2171 2390 2225 2452 ei
2256 2389 2693 2474 obtemperavit
2710 2438 2733 2466 ,

731 2530 975 2594 sperans
1021 2530 1241 2591 aequas
1287 2508 1662 2572 conditiones
1708 2507 1894 2572 Dioni
1937 2530 2000 2571 se
2029 2508 2513 2592 impetraturum.
2560 2507 2733 2571 Hinc

728 2626 970 2710 longae·
997 2625 1412 2691 altercationes
1457 2625 1533 2690 de
1587 2627 1799 2690 Dionis
1855 2626 2352 2711 possessionibus.
2445 2625 2730 2690 Primum

731 2744 1060 2831 Dionysius
1115 2745 1438 2830 pollicetur
1491 2767 1556 2808 se
1594 2744 1808 2808 Dionis
1863 2745 2181 2829 pecuniam
2238 2745 2535 2829 deponere
2569 2744 2731 2808 velle

728 2863 986 2928 Athenis
1018 2870 1079 2928 et
1106 2864 1172 2927 in
1202 2862 1649 2948 PeloponneSO,
1698 2886 1767 2927 ea
1811 2863 2197 2940 condicione,
2248 2871 2318 2927 ut
2352 2863 2529 2926 Plato
2561 2862 2729 2926 eius-

729 3005 847 3068 que
908 2982 1082 3046 amici
1143 3003 1458 3067 sponsores
1503 2990 1737 3059 essent,
1784 3004 1861 3044 ne
1906 2981 2053 3064 quid
2098 2981 2218 3044 Dio
2266 2988 2476 3044 contra
2519 2981 2727 3064 ipsum

720 3101 1034 3166 moliretur
1101 3087 1200 3186 (ps
1247 3103 1374 3164 346
1435 3102 1489 3165 B
1554 3103 1728 3186 sqq.).
1821 3101 1939 3165 Hic
2000 3123 2126 3165 rem
2190 3100 2408 3164 differt.
2502 3099 2728 3163 Postea

679 3201 682 3204 ⁴
721 3221 1049 3305 Dionysius
1111 3243 1371 3304 aequum
1431 3243 1560 3284 esse
1620 3219 1773 3284 di'xit
1792 3269 1810 3297 ,
1859 3227 1929 3284 ut
1974 3220 2133 3304 bona
2176 3220 2334 3283 inter
2380 3226 2613 3305 patrem
2661 3226 2726 3283 et

717 3339 910 3403 filium
956 3338 1369 3403 dividerentur
1381 3364 1400 3416 3
1449 3361 1634 3422 quare
1679 3339 1924 3423 praedia
1968 3338 2184 3402 Dionis
2232 3360 2296 3401 se
2326 3336 2721 3402 venditurum

721 3465 784 3522 et
848 3457 1160 3521 dimidiam
1228 3457 1519 3542 pecuniae
1586 3463 1817 3542 partem
1884 3457 1975 3520 illi
2043 3456 2444 3521 redditurum.
2538 3456 2719 3519 Plato

723 3577 987 3641 oblatam
1012 3568 1019 3572 ⁵
1047 3576 1453 3640 conditionem
1507 3575 1774 3660 accipere
1828 3576 2066 3639 noluit:
2140 3598 2259 3659 qua
2318 3575 2382 3638 in
2443 3597 2508 3639 re
2567 3597 2721 3638 num

722 3693 1035 3780 prudentis
1082 3694 1485 3778 procuratoris
1534 3693 1725 3756 officio
1772 3693 2017 3758 functus
2064 3693 2177 3771 sit,
2228 3692 2507 3756 dubitare
2552 3693 2718 3757 licet.

721 3812 992 3877 Eventus
1037 3811 1158 3875 fuit
1166 3860 1184 3890 ‚
1232 3818 1306 3876 ut
1347 3812 1677 3896 Dionysius
1722 3811 1881 3876 bona
1910 3811 2247 3876 vendiderit
2279 3817 2461 3894 atque
2476 3860 2495 3889 ,
2542 3811 2718 3874 novis

722 3931 862 3994 inde
902 3930 1120 4016 jurgiis
1167 3931 1348 4008 ortiS‚
1397 3929 1587 3995 Dioni
1626 3929 1799 3993 nulla
1846 3907 2135 4015 pecuniae
2181 3952 2317 4014 pars
2364 3929 2444 3993 sit
2480 3928 2720 3993 reddita

723 4050 804 4134 (p.
876 4050 1002 4112 350
1051 4047 1145 4132 B).
1209 4047 1437 4113 Eadem
1482 4047 1723 4113 brevius
1769 4049 1960 4113 relata
2004 4048 2198 4133 Epist.
2253 4047 2357 4111 III
2372 4097 2391 4126 ,
2446 4071 2505 4133 p.
2562 4050 2715 4112 318.

813 4167 978 4236 Dum
1002 4166 1176 4231 Plato
1209 4167 1518 4253 Syracusis
1551 4175 1849 4245 moratur,
1882 4167 2144 4252 erumpit
2175 4167 2437 4231 militum
2472 4165 2713 4232 seditio,
