3025 5067
1681 380 1801 440 198

737 597 925 667 strare
956 597 1095 653 ποῖα
1126 589 1299 659 ποίοις
1330 587 1660 668 ξυαφωνεῒ,
1688 586 1785 649 καὶ
1813 587 1930 649 ποῖ’
1958 584 2203 659 ἄλληλα
2227 589 2286 649 οὐ
2311 582 2586 665 δέχεπὲι,
2613 585 2671 648 h.
2689 606 2734 645 e.

740 730 893 792 quae
955 708 1033 771 sit
1078 729 1367 792 generum
1414 712 1475 769 et
1521 705 1842 769 notionum
1887 704 2045 767 inter
2090 726 2152 767 se
2199 680 2625 767 convenientia
2685 708 2740 765 et

740 828 1095 893 differentia.
1187 826 1275 891 Ut
1333 827 1544 911 paucis
1591 824 1782 889 dicam
1804 871 1822 900 ,
1873 822 2224 887 dialect-icus
2271 830 2363 886 est
2407 822 2738 887 secundum

739 946 1055 1012 Platonem
1118 945 1225 1029 qui
1284 945 1483 1008 valeat
1543 944 1685 1020 μίαν
1764 942 1916 1005 ἰδέαν
1976 941 2070 1005 δια
2128 948 2356 1006 πολλῶν
2420 940 2742 1019 τεταμένην

741 1072 801 1131 et
854 1071 1064 1129 contra
1108 1063 1338 1134 πολλὰς
1384 1062 1492 1126 ὑπὸ
1538 1066 1682 1139 μιοῖς
1729 1059 2146 1139 περιεχομένας
2193 1060 2457 1125 dilucide
2501 1080 2744 1123 cernere

741 1185 948 1271 (Soph.
996 1208 1056 1269 p.
1107 1185 1233 1247 253
1282 1182 1528 1266 B—D).
1588 1180 1764 1245 Idem
1798 1186 2226 1263 argumentum
2256 1179 2522 1243 declarat
2555 1201 2745 1243 exem-

738 1302 841 1386 plo
899 1307 999 1367 τοῦ
1059 1301 1286 1376 οὲγαθοῦ
1347 1300 1471 1363 sive
1515 1299 1687 1363 ideae
1733 1298 1911 1373 boni,
1973 1298 2048 1362 de
2093 1296 2243 1383 Rep.
2292 1297 2421 1361 VII
2465 1321 2523 1383 p.
2580 1300 2740 1374 534,
2843 1358 2852 1365 .

740 1418 903 1484 unde
940 1418 1095 1482 -haec
1142 1440 1457 1501 excerpere
1501 1416 1708 1481 lubet:
1757 1415 1814 1487 ὃς
1862 1416 1934 1481 ἂν
1980 1418 2062 1494 μὴ
2117 1417 2228 1497 ἔχῃ
2280 1416 2622 1497 διορίσασθαι
2669 1418 2745 1495 τῷ

738 1536 897 1615 λόγῳ
941 1536 1036 1599 καὶ
1086 1541 1196 1615 γῶν
1242 1533 1440 1599 ἄλλων
1487 1534 1721 1599 πάντων
1761 1535 1996 1614 ἀφελὼν
2035 1536 2140 1608 τὴν
2178 1540 2277 1600 τοῦ
2315 1536 2536 1613 ἀγαθοῦ
2562 1532 2742 1614 ἰδέαν,

742 1655 837 1720 καὶ
900 1652 1085 1733 ὥσπερ
1145 1655 1203 1719 ἐν
1248 1654 1423 1735 μάχῃ
1485 1653 1581 1720 διὰ
1626 1652 1856 1718 πάντων
1903 1653 2169 1733 ἐλέγχων
2229 1652 2434 1729 διεξιὼν
2495 1656 2548 1717 ἐν
2600 1655 2746 1716 πᾶσι

742 1774 959 1844 τούτοις
1019 1774 1248 1837 οξπτῶτι
1316 1776 1397 1854 τῷ
1464 1772 1626 1854 λόγῳ
1693 1772 2126 1853 διαπορεύηται,
2195 1772 2306 1836 οὐδ’
2362 1773 2504 1838 αὐτὸ
2545 1774 2746 1849 τῶγα-

742 1892 830 1958 obv
859 1894 1065 1974 φήσεις
1097 1892 1297 1957 εἰδέναι
1316 1943 1332 1972 ,
1357 1944 1370 1957 .
1395 1944 1409 1957 .
1433 1944 1446 1957 .
1494 1894 1669 1968 ἀλλ’,
1723 1891 1777 1956 εἴ
1815 1916 1898 1973 πῃ
1942 1891 2163 1956 εἰδώλου
2195 1892 2341 1963 τινὸς
2372 1891 2743 1971 ἐφάπτεται,

746 2009 877 2091 δόξῃ
924 2012 1023 2074 οὐκ
1068 2010 1359 2089 ἐπιστήμῃ
1403 2009 1790 2099 ἐφάπτεσθαι.
1834 2008 1874 2071 J
1877 2032 1972 2071 am
2018 2031 2158 2072 vero
2183 2009 2525 2073 dialectices
2557 2031 2744 2093 opuS‚

744 2127 911 2213 quod
970 2126 1306 2191 secundum
1367 2127 1686 2191 Platonem
1748 2134 1840 2190 est
1900 2128 1966 2191 τὸ
2012 2127 2235 2206 διαιρεῖν
2281 2128 2440 2193 κατὰ
2483 2128 2622 2205 γένη
2669 2129 2746 2191 τοὶ

743 2246 881 2311 ὄντα
899 2295 913 2310 .
962 2268 997 2309 a
1039 2253 1249 2310 nostro
1296 2244 1557 2310 habetur
1603 2246 1667 2309 τὸ
1712 2247 1791 2311 τοὶ
1837 2247 2096 2324 τέτταρα
2143 2244 2376 2329 (ὄνομα,
2425 2246 2628 2323 λόγον,
2678 2244 2748 2309 εἴ·

744 2366 923 2449 emax)
970 2364 1340 2445 διαρῥίπτειν,
1388 2364 1518 2441 vel,
1569 2372 1639 2426 ut
1683 2364 1746 2427 in
1793 2386 1923 2447 sqq.
1972 2362 2157 2441 dicit,
2203 2365 2420 2445 τρίβειν
2464 2369 2599 2443 πρὸς
2646 2362 2748 2428 οἳλ-

743 2497 905 2558 ληλα
949 2486 1137 2548 αὐτῶν
1183 2479 1440 2559 ἕκαστα,
1492 2482 1754 2559 ὀνόματα
1799 2481 1896 2545 καὶ
1943 2481 2152 2558 λόγους
2171 2531 2187 2556 ,
2237 2481 2394 2561 ἕψεις
2425 2483 2523 2547 καὶ
2555 2482 2742 2557 αἰσθή-

745 2624 866 2672 σεις
889 2651 906 2675 ,
958 2602 1073 2665 hoe
1119 2608 1213 2664 est
1242 2600 1439 2665 verbis
1472 2607 1532 2663 et
1563 2599 2021 2664 definitionibus
2053 2608 2114 2663 et
2144 2601 2430 2685 exemplis
2460 2610 2745 2685 tanquam

752 2712 1004 2782 calculis
1051 2718 1294 2795 ludere,
1350 2719 1548 2801 iisque
1596 2717 2004 2781 adversarium
2037 2716 2276 2781 fallere:
2325 2718 2490 2802 quod
2537 2719 2611 2783 ab
2644 2719 2745 2782 illo

748 2841 993 2899 tantum
1042 2834 1245 2899 differt
1292 2843 1590 2917 quantum
1620 2836 1956 2912 οἳντιλογικῆ
1982 2835 2182 2899 differt
2214 2858 2248 2899 a
2269 2836 2629 2918 διαλεκτικῇ,
2665 2860 2750 2900 so-

749 2953 952 3040 phista
996 2976 1032 3017 a
1072 2952 1458 3037 philosopho.
1532 2952 1944 3038 Philosophus
1961 3003 1978 3029 ,
2028 2954 2362 3018 secundum
2404 2955 2744 3032 Platonem,

751 3078 1024 3135 versatur
1067 3072 1132 3135 in
1178 3072 1530 3155 cognitione
1576 3076 1685 3136 τῶν
1720 3070 1888 3136 ὄντων
1907 3124 1924 3146 ,
1958 3084 2113 3155 quae
2144 3072 2272 3135 sola
2302 3080 2465 3137 certa
2494 3080 2554 3138 et
2583 3075 2747 3138 firma

750 3198 929 3268 sunt,
998 3211 1258 3273 quorum
1322 3197 1602 3254 naturam
1661 3196 1722 3253 et
1781 3189 1903 3253 vim
1964 3191 2367 3275 comparando
2431 3202 2490 3255 et
2538 3193 2748 3257 discer-

749 3308 949 3373 nendo
988 3328 1346 3391 cognoscere
1377 3307 1584 3372 studet
1598 3332 1617 3386 3
1651 3308 1922 3393 sophista
1952 3308 2220 3373 elaborat
2249 3310 2506 3375 maxime
2531 3311 2594 3373 in
2625 3332 2744 3374 ver-

749 3426 842 3491 bis
904 3432 966 3489 et
1024 3424 1476 3489 definitionibus
1493 3474 1511 3501 ,
1577 3446 1730 3509 quae
1793 3426 1960 3489 fluxa
2002 3434 2064 3490 et
2106 3427 2337 3490 incerta
2382 3435 2528 3492 sunt
2571 3435 2634 3492 et
2679 3428 2748 3492 de

752 3544 971 3628 quibus
1010 3543 1535 3628 epistolographus
1576 3544 1705 3628 ipse
1729 3552 2018 3608 testatur:
2053 3545 2244 3625 ,κύριος
2268 3545 2316 3608 δ’
2332 3540 2410 3610 αὖ
2429 3544 2603 3623 λόγος
2628 3545 2747 3627 περὶ

750 3661 992 3727 ἑκάστου
1036 3667 1145 3725 τῶν
1180 3660 1469 3742 τεά-τάρων
1506 3664 1580 3733 ὥς
1601 3663 1856 3744 ἀσαφές.
1918 3662 2034 3727 His
2065 3663 2435 3727 adversarios
2467 3665 2666 3729 irretit
2695 3672 2750 3728 et

750 3780 812 3845 in
864 3781 1209 3856 οὶντολογίας
1256 3779 1496 3844 inducit
1526 3782 1570 3864 1)
1619 3780 1921 3865 efficitque
1937 3831 1955 3859 ,
2003 3789 2076 3845 ut
2121 3782 2302 3846 Plato
2350 3782 2498 3847 dicit
2514 3833 2532 3860 ,
2564 3792 2750 3866 φανῆ-

820 3979 864 4037 l)
899 3979 975 4028 cf.
1009 3977 1067 4026 de
1100 3978 1218 4042 Rep.
1256 3979 1325 4039 V,
1358 3994 1406 4043 p.
1440 3981 1540 4029 454
1575 3982 1641 4029 A:
1679 3982 1752 4032 διὰ
1787 3985 1841 4033 τὸ
1871 3986 1940 4045 μὴ
1975 3981 2186 4033 δὺνασθοιι
2221 3978 2326 4033 κατ’
2355 3982 2452 4039 εἴδη
2487 3976 2750 4051 &ecficiam-

752 4093 812 4125 νοι
853 4078 908 4125 τὸ
954 4076 1189 4137 λεγόμενον
1234 4078 1516 4139 incomta,
1552 4079 1670 4127 ἀλλὰ
1703 4074 1804 4129 κατ’
1840 4080 1952 4128 αὐτὸ
1982 4078 2178 4141 τοῦνομα
2211 4078 2378 4128 διώκω
2409 4084 2489 4129 τοῦ
2521 4079 2749 4144 λεχθέντος

751 4177 831 4231 τὴν
860 4174 1119 4228 ἐναντίωσιν.
