3025 5067
1305 400 1427 461 199

334 627 447 665 vau
513 606 697 669 ταύτὸ
760 613 877 677 τοῖς
945 607 1139 670 αὐτοῖς
1200 606 1333 670 τότε
1394 606 1500 683 μὲν
1557 606 1766 669 δίκαιον
1783 654 1801 687 ,
1863 603 2002 669 ὅταν
2047 606 2104 667 δὲ
2145 605 2358 681 βούλη-

330 744 457 787 ται
476 772 493 801 ,
558 723 745 787 ἄδικον
806 722 1085 805 (Phaedr.
1146 746 1209 807 p.
1276 725 1399 785 261
1463 721 1538 805 O)
1555 749 1573 799 ;
1636 722 1896 806 denique
1962 723 2234 787 homines
2288 744 2358 785 eo

333 842 643 919 adducit,
683 849 755 906 ut
790 848 899 906 τῶν
937 842 1309 921 πραγμάτων
1348 841 1557 912 οὐδενὸς
1596 841 1748 905 οὐδὲν
1773 842 1928 917 ὑγιὲς
1967 842 2088 905 οὐδὲ
2117 841 2358 918 βέβαιον

335 981 489 1024 esse
534 960 781 1023 credant
825 960 1074 1043 (Phaed.
1122 982 1181 1043 p.
1230 962 1313 1023 90
1361 958 1455 1043 O).

450 1194 514 1257 Si
588 1202 793 1259 autem
852 1195 947 1260 his
1010 1195 1074 1259 in
1136 1195 1315 1259 rebus
1379 1195 1632 1281 epistola
1686 1196 2090 1279 maximopere
2147 1218 2182 1259 a
2227 1194 2360 1258 Pla·-

340 1313 519 1376 tonis
578 1313 877 1377 sententia
936 1313 1206 1391 aberrat,
1270 1320 1414 1378 sunt
1465 1320 1670 1377 tamen
1713 1314 1778 1379 in
1825 1335 1896 1377 ea
1938 1335 2093 1397 quae
2137 1312 2358 1398 partim

344 1454 495 1495 cum
564 1432 657 1494 his
705 1452 857 1515 quos
896 1432 1077 1495 attuli
1130 1432 1350 1517 partim
1398 1452 1537 1495 cum
1584 1432 1717 1495 aliis
1760 1430 2032 1496 Platonis
2077 1431 2225 1495 locis
2271 1431 2358 1495 ita

345 1550 720 1628 concinunt,
784 1556 856 1612 ut
914 1549 1186 1614 Platonis
1248 1548 1429 1613 verba
1490 1572 1526 1611 a
1571 1550 1860 1634 scriptore
1908 1572 2183 1635 expressa
2228 1572 2357 1613 esse

346 1667 529 1731 facile
577 1677 879 1752 appareat.
954 1667 1229 1731 Primum
1276 1689 1431 1751 quae
1462 1667 1612 1731 dicit
1642 1670 1724 1752 (p.
1751 1670 1879 1731 343
1907 1667 1986 1750 D)
2011 1667 2086 1730 de
2111 1667 2354 1731 homine

348 1786 702 1850 dialecticae
735 1788 881 1850 artis
903 1788 1182 1871 imperito
1196 1836 1213 1864 ‚
1242 1795 1315 1851 ut
1344 1810 1379 1849 a
1408 1788 1604 1871 perito
1635 1787 1700 1851 in
1732 1786 2101 1872 disputando
2133 1786 2355 1871 decipi-

351 1914 495 1969 atur
532 1912 592 1968 et
636 1908 1151 1981 εὐκαταγέλαστος
1190 1905 1511 1985 reddatur,
1559 1929 1628 1969 ea
1665 1906 1972 1991 scripsisse
2004 1905 2244 1969 videtur
2275 1904 2352 1969 ad

352 2024 817 2088 similitudinem
862 2024 1235 2108 Euthydemi
1253 2075 1270 2101 ,
1320 2025 1382 2088 in
1430 2046 1553 2108 quo
1594 2024 1836 2107 dialogo
1867 2023 2140 2108 sophista
2177 2023 2352 2087 indu-

352 2144 513 2207 citur
568 2144 1004 2208 adolescentem
1050 2144 1300 2208 eludens
1345 2153 1407 2208 et
1451 2144 1899 2220 καταγέλαστον
1938 2143 2192 2207 reddens
2208 2192 2226 2220 ‚
2259 2144 2352 2207 διὰ

352 2265 458 2337 τὴν
478 2268 587 2326 τῶν
610 2262 899 2340 ὀνομάτων
922 2263 1202 2343 διαφοράν
1227 2262 1607 2343 ὑποσκελίζων
1629 2261 1729 2325 καὶ
1753 2262 2086 2341 άνατρέπων
2111 2264 2194 2346 (p.
2224 2262 2350 2326 278

354 2381 471 2465 Β.).
571 2380 746 2460 Quae
818 2380 1098 2465 deinceps
1152 2380 1430 2465 Epistola
1487 2380 1584 2444 his
1637 2380 1984 2466 subjungit:
2047 2381 2144 2445 καὶ
2207 2387 2358 2445 ποιεῖ

352 2502 448 2564 τὸν
506 2498 879 2577 ἐξηγούμενον
944 2503 1001 2563 ἐν
1059 2500 1252 2576 λόγοις
1307 2501 1341 2576 ἢ
1388 2501 1737 2577 γράμμασιν
1785 2500 1818 2575 ἢ
1863 2502 2189 2579 ἀποκρίσεσι
2234 2507 2348 2571 τοῖς

354 2626 586 2688 πολλοῖς
635 2627 743 2682 τῶν
788 2619 1099 2684 ἀκουόντων
1160 2619 1335 2683 δοκεῖν
1390 2618 1564 2696 μηδὲν
1607 2619 1944 2695 γιγνώσκειν
2007 2615 2079 2682 ὧν
2123 2617 2196 2683 ἂν
2233 2620 2352 2684 ἑπι-

351 2738 514 2817 χείρῃ
567 2740 817 2820 γράφειν
880 2738 913 2813 ἢ
966 2740 1159 2815 λέγειν
1177 2790 1194 2812 ,
1240 2738 1594 2814 ἀγνοούντων
1653 2738 1808 2802 ἔνιόθ’
1871 2740 1942 2810 ὡς
2001 2739 2114 2817 οὐχ
2161 2741 2194 2814 ἦ
2239 2744 2350 2801 τῶν

351 2856 637 2936 τεττάρων
680 2856 857 2938 φύσις
902 2856 1145 2920 ἑκάστου
1190 2856 1327 2921 ἀλλ’
1379 2859 1412 2932 ἧ
1458 2857 1632 2935 ψυχὴ
1677 2861 1776 2919 τοῦ
1820 2853 2157 2934 γράψαντος
2199 2855 2348 2927 ἢλέ·

351 2973 555 3050 ξαντος
599 2975 922 3054 ἐλέγχεται
960 2982 1259 3057 πεφυκυῖα
1304 2973 1583 3052 φαύλωςι
1640 2973 1787 3037 haec
1819 2995 2064 3058 prorsus
2101 2995 2348 3057 respon-

353 3091 500 3156 dent
566 3092 640 3155 iis
710 3114 865 3176 quae
933 3091 1097 3177 apud
1150 3091 1465 3155 Platonem
1520 3091 1807 3175 leguntur
1865 3091 1930 3155 in
1987 3090 2345 3168 Phaedone,

352 3232 411 3294 p.
461 3213 541 3273 90
590 3209 648 3273 D
665 3258 684 3287 ‚
741 3209 847 3273 ubi
892 3208 1165 3273 Socrates
1212 3207 1367 3272 illud
1412 3208 1815 3292 maximopere
1855 3207 2184 3273 dolendum
2215 3231 2347 3273 cen·

350 3337 475 3405 set,
522 3328 572 3391 si
620 3328 757 3411 quis
800 3338 875 3408 τῇ
914 3328 1249 3407 άντιλογικῇ
1296 3327 1420 3389 sive
1457 3326 1608 3389 falsa
1645 3326 1960 3390 dialectica
1995 3348 2066 3389 eo
2099 3326 2348 3411 perduc·

349 3454 449 3509 tus
510 3455 581 3510 ut
639 3446 794 3510 nihil
855 3470 1063 3511 verum
1109 3454 1217 3511 aut
1269 3453 1501 3511 certum
1547 3468 1674 3509 esse
1721 3445 2078 3525 arbitretur,
2128 3445 2346 3511 deinde

348 3566 431 3642 μὴ
475 3564 673 3629 ἑαυτὸν
721 3565 948 3645 αἰτιῷτο
990 3546 1137 3642 Ιμηδὲ
1181 3566 1285 3639 τὴν
1330 3565 1537 3628 ἑαυτοῦ
1581 3563 1897 3646 άτεχνίαν,
1945 3565 2110 3629 άλλά
2147 3580 2346 3629 τελευ-

346 3688 455 3746 τῶν
500 3684 592 3747 δια
637 3684 703 3748 τὸ
748 3682 957 3759 άλγεῖν
1002 3681 1249 3760 ἄσμενος
1296 3684 1388 3746 ἐπὶ
1436 3683 1567 3752 τοὺς
1612 3681 1819 3758 λόγους
1863 3684 1977 3763 ἀφ’
2007 3683 2212 3747 ἑαυτοῦ
2241 3686 2346 3757 τὴν

347 3803 540 3866 αἰτίαν
583 3801 883 3866 ἀπώσαιτο
899 3850 918 3878 ,
966 3803 1063 3879 „si
1108 3808 1281 3885 putet
1327 3800 1570 3885 culpam
1614 3822 1740 3864 non
1784 3801 1848 3864 in
1895 3823 2006 3864 sua
2034 3801 2228 3886 ipsius
2257 3802 2345 3865 in-

346 3920 521 3984 scitia
563 3920 823 4005 positam
868 3942 995 3983 esse
1032 3918 1363 4005 (Epistolaz
1410 3920 1524 3999 οὐχ
1564 3922 1597 3995 ἦ
1641 3921 1816 3999 ψυχὴ
1860 3926 1959 3984 τοῦ
2006 3920 2343 3999 γράψαντος

348 4039 379 4113 ἢ
427 4036 697 4114 λέξαντος
750 4039 1126 4123 ἐλέγχεται),
1191 4038 1295 4103 sed
1354 4039 1418 4102 in
1465 4037 1646 4101 rebus
1703 4060 1850 4122 quas
1906 4047 2126 4103 tractat
2180 4038 2343 4125 (Epi-

346 4158 535 4221 stola:
581 4160 721 4223 ἀλλ’
752 4163 783 4235 ἦ
829 4159 1009 4241 φύσις
1038 4156 1367 4243 ἑκάστου).”
1431 4157 1681 4222 Dictum
1725 4156 1931 4229 κύκλος
1967 4142 2082 4221 ’τῶν
2114 4160 2170 4221 ἐν
2211 4167 2342 4231 ταῖς
