3025 5067
1253 397 1372 457 129

305 601 436 678 bit,
481 601 676 687 Epist.
726 601 854 665 VII
871 650 890 680 ,
938 624 998 686 p.
1048 603 1173 668 327
1224 601 1444 666 Β-Ι).
1485 604 1530 686 ¹)
1621 602 1788 666 Mors
1833 610 2034 667 autem
2081 603 2306 688 Diony-

304 718 382 782 sii
412 720 654 784 maioris
685 719 847 784 cadit
875 720 938 784 in
971 718 1070 783 Ol.
1109 722 1266 798 103,
1301 723 1374 798 23
1408 743 1461 783 a.
1496 743 1550 784 a.
1585 719 1653 784 G.
1689 722 1837 785 367.
1892 719 2064 784 Idem
2100 721 2311 785 scribit

305 835 516 921 Nepos
533 886 551 915 ,
613 837 796 902 Dion.
847 859 898 902 c.
961 841 1000 902 3
1021 886 1039 915 ,
1101 836 1354 918 „Quum
1417 837 1538 901 Dio
1600 859 1722 903 non
1784 839 2097 903 desisteret
2142 840 2309 904 obse·

305 977 472 1019 crare
501 955 862 1041 Dionysium
908 964 980 1020 ut
1023 956 1340 1021 Platonem
1371 957 1629 1022 Athenis
1675 965 2027 1035 arcesseret,
2074 997 2163 1008 —-
2204 958 2309 1022 ille

304 1095 534 1138 morem
579 1075 636 1137 ei
679 1074 903 1158 gessiff’
960 1073 1052 1139 Cf.
1104 1075 1488 1154 PlutarchuS‚
1523 1075 1705 1140 Dion.
1739 1097 1790 1140 c.
1830 1078 1930 1140 12.
1993 1075 2155 1162 Ergo
2184 1097 2310 1141 non

305 1193 515 1256 statim
575 1193 821 1277 quidem
836 1244 860 1272 ,
918 1195 1190 1278 proximo
1251 1205 1454 1258 tamen
1516 1202 1655 1280 post
1716 1203 1970 1260 mortem
2032 1195 2313 1281 Dionysii

309 1311 551 1396 maioris
613 1335 807 1391 anno,
871 1313 932 1377 h.
981 1337 1031 1377 e.
1081 1316 1208 1378 366
1255 1336 1310 1377 a.
1357 1313 1425 1377 G.
1444 1363 1464 1390 ,
1511 1314 1829 1378 Platonem
1874 1314 2097 1379 iterum
2142 1313 2313 1399 Syra·

309 1451 484 1494 cusas
545 1431 777 1494 venisse
835 1431 1143 1516 probabile
1189 1439 1299 1495 est.
1391 1430 1629 1510 Quarto
1675 1442 1878 1496 autem
1925 1455 2128 1496 mense
2174 1440 2313 1517 post

308 1547 478 1612 illius
524 1548 852 1614 adventum
899 1549 1172 1635 Epistola
1217 1549 1345 1613 VII
1386 1552 1467 1634 (p.
1511 1553 1639 1615 329
1684 1550 1755 1636 C)
1813 1550 2021 1614 scribit
2053 1550 2313 1614 Dionem

309 1666 554 1730 civitate
614 1667 859 1751 pulsum
925 1691 1052 1731 esse
1071 1716 1090 1746 ,
1153 1668 1471 1734 Platonem
1519 1691 1657 1732 vero
1704 1691 1737 1732 a
1791 1675 2046 1753 tyranno
2094 1669 2310 1752 partim

308 1785 626 1849 blanditiis
671 1787 889 1870 partim
934 1787 1291 1850 necessitate
1336 1793 1639 1850 retentum
1679 1786 2036 1870 aliquandiu
2068 1785 2315 1871 Syracu-

309 1903 396 1966 sis
441 1905 813 1968 remansisse.
905 1902 1168 1984 Quando
1214 1912 1415 1968 autem
1461 1927 1735 1968 reversus
1783 1905 1861 1968 sit
1908 1905 1969 1968 in
2018 1905 2275 1990 patriam
2293 1953 2311 1981 ‚

308 2022 377 2085 id
441 2046 652 2107 parum
709 2023 922 2107 liquet.
1016 2021 1306 2086 Corsinus
1370 2023 1457 2106 (ll.
1523 2046 1581 2107 p.
1652 2025 1799 2108 112)
1872 2045 1945 2086 ex
2007 2022 2315 2107 Epistolae

311 2139 386 2202 Π
416 2140 590 2202 initio
620 2140 832 2217 efficit,
869 2163 1006 2204 eum
1047 2147 1301 2204 exeunte
1331 2140 1444 2203 hac
1467 2138 1827 2224 Olympiade
1852 2143 2027 2224 (103)
2055 2164 2086 2202 e
2111 2140 2317 2204 Sicilia

309 2258 597 2321 reducem
652 2258 729 2322 ad
769 2259 1111 2342 proximum
1157 2257 1582 2343 Olympiorum
1632 2266 1992 2322 conventum
2011 2308 2029 2335 ‚
2078 2281 2130 2322 a.
2188 2261 2313 2322 365

309 2375 624 2453 habitum,
679 2399 742 2439 se
787 2377 1144 2455 contulisse;
1192 2383 1370 2462 putat
1416 2375 1579 2440 enim
1626 2376 1781 2442 hanc
1828 2377 2148 2461 epistolam
2178 2385 2319 2461 post

308 2495 578 2560 reditum
635 2519 670 2560 a
721 2495 986 2560 secundo
1032 2496 1248 2561 itinere
1293 2496 1581 2581 scriptam
1629 2518 1776 2559 esse.
1869 2497 1955 2559 At
2008 2517 2190 2580 supra
2236 2495 2321 2558 vi-

311 2614 520 2677 dimus
580 2616 661 2698 (p.
722 2617 860 2700 19),
908 2602 1242 2700 Episto'lam
1288 2615 1356 2679 II
1401 2616 1607 2700 potius
1654 2615 1942 2699 scriptam
1986 2615 2132 2698 fingi
2181 2621 2322 2698 post

312 2731 604 2796 ultimum
648 2733 790 2810 iter,
837 2740 910 2797 ut
953 2731 1374 2818 Olympiorum
1419 2740 1755 2797 conventus
1802 2734 1907 2816 qui
1953 2732 2053 2796 hic
2100 2755 2322 2796 memo-

311 2845 490 2914 ratur
547 2851 706 2915 idem
769 2852 850 2915 sit
909 2853 1082 2916 cuius
1127 2853 1354 2916 mentio
1400 2852 1469 2915 fit
1513 2853 1576 2915 in
1623 2851 1819 2937 Epist.
1870 2849 1997 2914 VII
2015 2901 2034 2930 ,
2082 2874 2140 2936 p.
2189 2851 2317 2913 350

310 2971 407 3046 B,
457 2971 562 3053 qui
607 2980 940 3050 conventus
983 2971 1198 3036 incidit
1247 2971 1313 3035 in
1358 2993 1411 3034 a.
1469 2973 1596 3034 360
1648 2994 1699 3034 a.
1735 2970 1803 3034 O.
1864 2970 2068 3050 Quare
2101 2993 2172 3033 ex
2213 2969 2321 3032 illa

317 3089 578 3173 epistola
646 3089 722 3153 ad
789 3089 1038 3153 secundi
1099 3089 1331 3154 itineris
1396 3097 1636 3175 tempus
1697 3089 2105 3154 definiendum
2167 3087 2322 3152 nihil

315 3207 651 3292 proficitur.
686 3207 732 3292 ²)
1089 3181 1100 3192 ⁶

410 3325 602 3389 Tertii
661 3325 893 3390 itineris
953 3334 1194 3412 tempus
1247 3349 1282 3390 a
1326 3327 1581 3390 Platone
1626 3350 1750 3391 non
1796 3327 1953 3391 clare
1998 3327 2318 3392 indicatur.

315 3445 490 3508 Dicit
520 3468 611 3523 se,
646 3445 805 3509 bello
838 3446 902 3509 in
934 3445 1138 3510 Sicilia
1167 3454 1320 3525 ort0,
1355 3469 1390 3510 a
1419 3447 1713 3532 Dionysio
1746 3447 2061 3510 dimissum
2094 3468 2221 3509 esse
2252 3467 2321 3508 ea

319 3563 676 3628 condicione
692 3613 710 3641 ,
737 3572 828 3642 ut,
855 3588 1000 3649 pace
1029 3566 1327 3644 restituta,
1361 3589 1485 3630 una
1508 3588 1647 3631 cum
1671 3566 1869 3630 Dione
1891 3572 2287 3630 reverteretur
2302 3591 2321 3642 ς

321 3683 548 3766 quibus
580 3683 862 3769 deinceps
908 3685 1055 3749 haec
1101 3685 1298 3764 addit,
1345 3710 1405 3772 p.
1455 3689 1583 3750 338
1630 3687 1713 3751 B:
1761 3684 2067 3764 γενομένης
2112 3685 2159 3750 δ’
2181 3686 2323 3765 εἶρή-
2368 3768 2393 3795 .

392 4001 442 4063 l)
475 4003 629 4059 Δίωνος
661 4007 704 4052 ἂν
735 4005 881 4069 ἡλικίᾳ
912 4004 1032 4061 ὄντος
1065 4009 1188 4071 μέσῃ
1221 4007 1293 4054 καὶ
1323 4005 1638 4070 καθεστηκυίᾳ.
1688 4003 1841 4068 Epist.
1876 4003 1986 4060 III,
2025 4001 2120 4050 316
2154 4001 2211 4050 C.

361 4095 444 4156 Ι2)
476 4095 634 4145 Etiam
669 4097 872 4146 Groteus
905 4097 1106 4147 eundem
1130 4098 1458 4162 Olympiorum
1487 4103 1771 4149 conventum
1805 4099 1853 4147 in
1890 4102 2088 4162 utraque
2127 4096 2322 4160 epistola

325 4189 581 4253 significari
615 4195 788 4241 censet.
823 4191 928 4240 Vol.
965 4193 1058 4250 XI,
1092 4209 1138 4257 p.
1173 4192 1262 4251 82,
1297 4209 1344 4242 n.
1378 4195 1426 4242 4.

2050 4290 2090 4344 9
