3025 5067
1670 395 1792 458 176

812 597 1096 664 Ceterum
1158 600 1324 685 quod
1384 599 1649 666 Crantor
1709 601 1886 680 dicit,
1950 601 2195 666 Platoni
2240 601 2305 665 id
2350 602 2425 666 ab
2466 600 2736 686 aequali-

724 718 838 782 bus
885 719 1016 803 (ὑπὸ
1037 725 1149 784 τῶν
1177 719 1334 804 τόέε)
1359 719 1665 806 objectum
1694 720 1917 799 fuisse,
1952 743 2173 806 parum
2201 720 2523 786 verisimile
2553 728 2733 806 puto,

721 836 786 901 Si
838 836 1112 902 Platonis
1167 838 1448 924 aequales
1496 839 1627 904 eius
1672 838 1959 904 laudibus
2021 841 2359 905 obtrectare
2416 847 2599 924 atque
2642 841 2741 904 in-

718 958 1066 1022 ventionem
1146 956 1406 1022 Politiae
1467 958 1525 1022 ei
1584 959 1884 1044 surripere
1943 958 2282 1024 voluissent
2294 1009 2315 1038 ,
2375 959 2545 1024 illam
2606 981 2741 1023 non

719 1073 1084 1160 descriptam
1129 1098 1258 1141 esse
1305 1075 1603 1140 dixissent
1648 1076 1722 1140 ab
1756 1077 2202 1162 Aegyptiorum
2231 1077 2529 1142 institutis
2544 1127 2565 1156 ,
2600 1077 2741 1161 qui-

717 1194 977 1260 buscum
1036 1217 1162 1259 non
1224 1195 1343 1258 nisi
1402 1217 1599 1280 pauca
1658 1195 1757 1259 illi
1816 1202 1986 1260 erant
2040 1197 2419 1275 communia,
2475 1195 2583 1260 sed
2626 1217 2735 1280 po-

713 1313 837 1377 tius
901 1336 937 1377 a
994 1313 1262 1399 Lycurgi
1321 1313 1561 1398 legibus
1620 1314 2185 1400 Spartanorumque
2238 1323 2298 1379 et
2344 1315 2731 1380 Cretensium

710 1431 1031 1497 institutis,
1103 1431 1355 1512 Quanta
1403 1434 1563 1498 enim
1612 1434 1948 1497 similitudo
1998 1434 2093 1497 his
2145 1457 2282 1499 cum
2327 1433 2603 1498 Platonis
2649 1434 2734 1497 ci·

711 1553 896 1616 vitate
942 1552 1278 1616 intercedat
1297 1602 1318 1631 ,
1373 1552 1469 1616 vel
1517 1575 1589 1616 ex
1614 1575 1683 1616 6ο
1715 1559 2000 1638 apparet,
2028 1553 2192 1638 quod
2216 1553 2331 1617 viri
2354 1553 2523 1616 docti
2551 1551 2732 1616 dubii

710 1670 988 1749 haerent,
1035 1678 1246 1735 utrum
1281 1671 1749 1755 ‚Aristophanes
1804 1671 1869 1734 in
1923 1671 2355 1736 Ecclesiazusis
2402 1671 2730 1756 Spartano-

709 1812 848 1853 rum
892 1789 1177 1854 instituta
1243 1812 1322 1853 an
1392 1789 1671 1854 Platonis
1744 1790 2049 1855 civitatem
2096 1789 2365 1854 deridere
2410 1790 2475 1852 in
2522 1791 2727 1853 animo

709 1908 1040 1990 habuerit}
1082 1930 1223 1972 cum
1266 1909 1546 1992 utrisque
1593 1909 1755 1972 enim
1786 1931 1857 1972 ea
1887 1931 2071 1993 quam
2104 1909 2371 1973 comicus
2403 1909 2489 1972 ibi
2522 1908 2727 1992 pingit

710 2028 1038 2092 mulierum
1099 2027 1310 2090 civitas
1359 2027 1589 2112 optime
1636 2028 1937 2112 convenit.
2029 2027 2251 2112 Itaque
2302 2027 2509 2112 potius
2542 2025 2724 2090 credo

707 2148 887 2210 istam
961 2145 1373 2210 narrationem
1446 2145 1755 2209 inventam
1825 2169 1955 2210 esse
2000 2145 2076 2209 ab
2138 2147 2343 2229 aliquo
2408 2144 2722 2209 Crantoris

707 2264 1088 2349 aequalium,
1139 2286 1259 2348 quo
1306 2264 1460 2327 ratio
1515 2263 1645 2327 dari
1690 2272 1924 2349 posset,
1984 2287 2092 2328 cur
2134 2263 2313 2328 Plato
2359 2264 2425 2327 in
2468 2262 2720 2326 Timaeo

707 2385 918 2469 priscis
965 2381 1444 2447 Atheniensibus
1489 2382 1723 2447 tribuat
1766 2406 1835 2447 ea
1870 2383 2155 2446 instituta
2195 2405 2351 2467 quae
2387 2383 2720 2466 Aegyptio-

705 2525 844 2566 rum
895 2501 1141 2587 propria
1195 2499 1561 2564 haberentur
1614 2522 1891 2585 quaeque
1942 2501 2074 2586 ipse
2134 2523 2244 2586 pro
2292 2508 2465 2586 parte
2509 2501 2574 2564 in
2608 2511 2721 2565 Πο-

705 2621 924 2686 λιτείαν
962 2620 1305 2704 recepisset.

795 2738 1082 2803 Ceterum
1124 2760 1198 2802 ex
1241 2737 1338 2800 his
1384 2745 1669 2822 apparet,
1717 2759 1842 2801 non
1880 2736 2087 2800 deesse
2126 2736 2372 2821 quidem
2409 2738 2477 2801 in
2511 2736 2719 2801 Plato-

704 2859 798 2922 nis
835 2856 1010 2920 libris
1049 2856 1305 2940 vestigia
1349 2855 1512 2919 unde
1563 2855 1717 2918 effici
1761 2856 1857 2919 vel
1902 2855 2053 2940 fingi
2102 2855 2347 2920 licuerit
2391 2878 2532 2920 eum
2576 2855 2717 2918 Ori-

703 2981 904 3038 entem
963 2973 1216 3051 adiisse,
1278 2979 1442 3036 certa
1500 2979 1703 3035 tamen
1765 2970 1950 3034 huius
1997 2973 2495 3056 peregrinationis
2554 2973 2717 3037 indi-

701 3094 794 3157 cia
846 3093 912 3155 in
958 3091 1199 3177 scriptis
1245 3091 1374 3154 eius
1420 3112 1544 3155 non
1590 3097 1843 3154 exstare.
1936 3089 2122 3170 Quod
2168 3097 2372 3156 autem
2418 3091 2495 3155 ad
2538 3093 2713 3156 testi-

701 3212 904 3276 monia
989 3211 1208 3274 attinet
1288 3231 1443 3293 quae
1501 3208 1685 3273 modo
1738 3209 2050 3287 recensui,
2128 3209 2178 3272 si
2239 3211 2668 3295 perpendimus
2687 3261 2709 3288 ,

699 3329 996 3415 primum,
1059 3335 1278 3392 testem
1341 3327 1665 3411 antiquum
1718 3333 1781 3391 et
1837 3327 2201 3412 locupletem
2265 3328 2340 3393 de
2402 3330 2708 3414 Aegyptio

697 3449 914 3513 itinere
963 3469 1088 3511 non
1135 3453 1394 3524 exstare,
1440 3445 1693 3522 deinde,
1739 3446 1990 3520 seriores
2045 3447 2151 3530 qui
2197 3446 2273 3510 de
2319 3469 2388 3510 eo
2433 3448 2709 3512 referunt

696 3589 818 3650 quo
861 3567 1108 3650 longius
1155 3587 1191 3628 a
1237 3564 1512 3628 Platonis
1558 3571 1831 3649 tempore
1876 3563 2139 3643 distant,
2189 3587 2259 3629 eo
2305 3566 2610 3652 copiosius
2642 3574 2707 3630 et

691 3684 977 3748 disertius
1034 3683 1108 3747 de
1170 3682 1266 3746 his
1329 3681 1532 3765 loqui,
1600 3703 1669 3745 ea
1722 3703 1861 3745 vero
1909 3682 2130 3766 partim
2176 3706 2302 3747 non
2348 3671 2706 3748 convenien-

689 3804 777 3867 tia
839 3826 967 3867 esse
1042 3803 1266 3888 partim
1327 3801 1544 3864 fictitia
1604 3807 1664 3864 et
1687 3801 1931 3886 =inepta
1946 3851 1964 3880 ,
2042 3801 2380 3887 Epistolam
2461 3809 2699 3882 autem,

687 3921 864 3985 cuius
919 3921 1176 4006 scriptor
1221 3925 1380 3982 certe
1427 3917 1895 4001 antiquissimus
1941 3920 2114 3983 testis
2160 3928 2280 4000 est,
2330 3922 2417 3985 ita
2460 3921 2535 3986 de
2581 3922 2701 3986 hoc

688 4041 904 4104 itinere
949 4039 1152 4117 silere,
1201 4045 1272 4101 ut
1310 4037 1470 4102 illud
1516 4037 1762 4123 penitus
1816 4038 2123 4122 ignorasse
2176 4040 2487 4104 videatur:
2553 4041 2697 4105 inde

690 4159 956 4244 profecto
1003 4159 1285 4242 colligere
1338 4156 1486 4221 licet
1503 4205 1522 4233 ,
1586 4178 2003 4240 quaecumque
2058 4158 2134 4221 de
2164 4181 2233 4222 ea
2263 4182 2325 4224 re
2365 4160 2699 4224 traduntur
