3025 5067
1276 388 1399 448 201

312 594 433 657 lis.
507 594 836 659 Ferebatur
880 594 1160 679 Lynceus
1209 601 1379 658 tanta
1423 592 1686 666 valuisse
1741 590 2054 655 oculorum
2103 588 2228 651 acie
2272 592 2346 649 ut

314 712 435 777 διὰ
466 713 617 791 δρυὸς
648 713 801 795 ὁρῴη.
861 713 978 778 Sed
1009 713 1320 797 Lynceum
1366 712 1554 776 fuisse
1579 710 1750 774 velut
1775 710 2034 773 alterum
2061 705 2348 773 Aescula-

316 832 511 915 pium
526 882 544 909 ,
585 833 1020 914 ὅφθαλμίατρον
1037 882 1055 915 ,
1106 832 1255 909 hoc,
1304 831 1522 916 opinor
1537 880 1556 908 ,
1607 824 1860 894 eruditis
1901 834 2028 892 erat
2049 828 2344 912 ignotum.

1264 1070 1402 1154 §2-

790 1307 884 1369 De
928 1328 1155 1369 arcana·
1192 1306 1463 1369 Platonis
1494 1304 1891 1387 philosophia.

428 1540 683 1604 Miretur
728 1542 893 1624 quis,
944 1538 1049 1625 qui
1094 1542 1223 1605 fieri
1269 1542 1540 1626 potuerit
1587 1548 1657 1605 ut
1690 1542 1945 1625 scriptor
1975 1540 2041 1604 in
2071 1538 2347 1603 Platonis
2365 1597 2382 1614 ,

325 1659 597 1722 lectione
623 1667 745 1723 tam
770 1667 1060 1738 versatuS,
1098 1660 1339 1743 qualem
1368 1669 1576 1724 noster
1607 1683 1668 1723 se
1693 1659 1988 1736 ostendit,
2017 1660 2080 1721 in
2103 1657 2347 1721 rationi·

329 1778 453 1841 bus
514 1778 645 1841 eius
706 1777 1076 1862 explicandis
1136 1779 1224 1841 ita
1269 1778 1689 1855 halucinetur,
1739 1785 1812 1841 ut
1825 1826 1844 1856 ,
1911 1800 2064 1861 quae
2113 1776 2187 1839 ab
2232 1775 2340 1838 illo

332 1896 605 1960 dilucide
666 1905 813 1960 sunt
875 1896 1179 1981 exposita,
1242 1904 1547 1982 pervertat
1606 1897 1784 1981 plane
1853 1903 1914 1960 et
1976 1900 2356 1979 corrumpat..

329 2015 752 2080 Tribuendum
813 2016 928 2080 hoc
988 2024 1139 2102 puto
1202 2017 1421 2101 partim
1487 2016 1796 2101 scriptoris
1858 2016 2132 2079 inscitiae
2149 2065 2165 2092 ‚
2239 2014 2344 2097 qui

330 2136 527 2219 magis
585 2134 766 2199 verba
828 2144 888 2198 et
947 2136 1169 2219 figuras
1232 2158 1415 2219 quam
1475 2142 1742 2199 mentem
1803 2142 1864 2199 et
1909 2135 2172 2219 cogitata
2203 2133 2345 2218 -phi-

330 2254 573 2338 Iosophi
642 2254 1018 2333 attenderet,
1092 2256 1309 2340 partim
1379 2278 1519 2319 vero
1582 2256 1765 2321 etiam
1826 2255 2012 2319 falsae
2072 2254 2343 2339 opinioni

333 2396 489 2456 quae
540 2374 709 2438 illius
750 2374 1047 2460 Judicium
1099 2377 1402 2460 pervertit.
1499 2374 1842 2441 Obtrudere
1886 2374 2173 2439 nimirum
2213 2373 2347 2436 Pla-

333 2493 467 2555 toni
544 2492 785 2557 studuit
855 2494 1215 2579 sapientiam
1282 2495 1584 2578 quandam
1655 2515 1933 2557 arcanam
1950 2541 1966 2569 ‚
2024 2492 2340 2555 verborum

336 2610 894 2695 sententiarumque
952 2612 1127 2696 quasi
1170 2612 1335 2677 nube
1379 2610 1718 2676 involutam
1736 2662 1754 2690 ‚
1803 2619 2094 2695 tanquam
2141 2609 2346 2673 celsio·

336 2750 463 2791 rem
506 2738 569 2791 et
598 2730 953 2795 diviniorem
1002 2753 1183 2813 quam
1229 2753 1385 2816 quae
1430 2731 1493 2794 in
1520 2731 1742 2815 vulgus
1768 2728 1962 2793 efferri
1985 2736 2091 2793 aut
2121 2728 2343 2811 scripto

340 2847 610 2911 mandari
647 2856 867 2932 posset.
933 2851 1205 2934 Apparet
1250 2850 1365 2913 hoc
1411 2873 1485 2913 ex
1532 2856 1800 2913 extrema
1845 2849 2027 2912 huius
2075 2848 2345 2931 disputa-

340 2965 523 3030 tionis
567 2974 773 3051 parte,
824 2967 900 3031 ad
947 2990 1131 3051 quam
1175 2991 1341 3033 nunc
1388 2968 1750 3032 accedimus,

428 3200 757 3285 Postquam
803 3202 959 3266 dixit
1004 3187 1319 3268 scientiam
1366 3226 1401 3267 a
1446 3205 1690 3267 nemine
1737 3204 1963 3288 percipi
2009 3225 2182 3288 posse
2227 3203 2346 3266 nisi
2420 3256 2425 3265 .

342 3320 447 3403 qui
508 3320 586 3383 sit
647 3321 886 3384 veritati
932 3328 1223 3406 cognatus
1272 3322 1347 3385 ad
1395 3345 1648 3407 eamque
1693 3332 1911 3387 natura
1957 3330 2132 3407 aptus
2179 3320 2344 3403 (ξυγ-

340 3438 566 3521 γενής),
616 3446 676 3501 et
721 3439 1033 3503 veritatem
1078 3461 1201 3503 non
1248 3440 1367 3503 nisi
1414 3442 1576 3517 μετὰ
1621 3440 1822 3520 τριβῆς
1850 3448 2106 3514 πολλῆς,
2139 3438 2343 3503 multi·

340 3554 485 3640 plici
530 3555 937 3641 disputatione
955 3607 971 3634 ,
1020 3558 1450 3643 interrogando
1498 3569 1560 3623 et
1590 3558 2038 3643 respondendO,
2086 3558 2342 3622 inveniri

339 3695 547 3757 posse,
610 3673 891 3759 deinceps
960 3675 1034 3739 ad
1081 3676 1239 3739 illud
1284 3676 1443 3740 redit
1497 3677 1663 3761 quod
1702 3678 1828 3763 jam
1874 3680 1932 3741 in
1983 3678 2342 3762 praegressis

337 3792 532 3857 obiter
577 3792 839 3858 dixerat:
889 3795 1191 3859 neminem
1238 3797 1570 3879 sapientem
1618 3796 1744 3859 fore
1786 3798 1892 3880 qui
1924 3797 2186 3880 cogitata
2216 3796 2346 3860 lite-

336 3934 537 3975 rarum
599 3914 759 3976 notis
819 3913 1104 3978 mandare
1166 3915 1416 3980 audeat:
1482 3922 1605 3980 νοῦν
1650 3916 1803 3995 ἔχων
1847 3914 2022 3987 οὐδεὶς
2068 3916 2344 3991 τολμήσει

337 4031 467 4092 ποτ’
510 4030 588 4101 εἰς
634 4031 777 4096 αὐτὸ
821 4032 1029 4096 τιθέναι
1074 4034 1153 4097 τοὶ
1200 4035 1503 4111 νενοημένα
1546 4035 1644 4098 ὑπ’
1675 4037 1882 4116 αὐτοῦ,
1930 4034 2032 4097 καὶ
2061 4036 2232 4097 ταῦτ’
2264 4034 2343 4103 εἷς

334 4148 757 4224 ἀμετακίνητον
773 4200 791 4231 ,
840 4147 866 4213 ὃ
913 4150 977 4223 δὴ
1017 4149 1246 4231 ποία-χει
1282 4152 1363 4216 τοὶ
1401 4152 1799 4231 γεγραμμένα
1833 4152 2032 4223 τύποις
2059 4203 2072 4217 .
2123 4174 2182 4235 p.
2213 4153 2338 4213 343
