3025 5067
1313 418 1425 479 117

345 622 624 686 Platonis
649 625 949 686 sententia
980 623 1055 686 de
1087 623 1401 707 republica
1431 621 1752 700 dicuntur;
1788 632 1921 688 tum
1954 624 2029 688 de
2051 625 2369 689 itineribus

343 741 412 802 in
474 740 739 804 Siciliam
795 743 1122 826 susceptiS,
1183 741 1447 825 denique
1494 741 1570 804 de
1616 742 1829 806 ceteris
1876 743 2057 828 rebus
2106 766 2261 827 quae
2306 743 2368 806 in

347 857 632 942 Epistola
675 859 838 922 VIII
885 867 1244 944 tanguntur.

1283 1033 1428 1183 ξι.

655 1337 747 1398 De
794 1337 1147 1398 Athenarum
1190 1341 1350 1398 statu
1395 1335 1749 1398 adolescente
1797 1336 2063 1398 Platone.

951 1455 1048 1516 De
1089 1453 1455 1517 damnatione
1500 1454 1771 1516 Socratis.

440 1691 515 1754 In
564 1691 872 1775 Epistolae
917 1691 1164 1754 exordio
1209 1690 1286 1754 de
1333 1691 1715 1756 Athenarum
1756 1691 2138 1769 conditione,
2174 1692 2373 1775 qualis

349 1811 465 1874 sub
513 1811 762 1894 triginta
794 1811 936 1873 viris
969 1818 1028 1873 et
1060 1811 1335 1895 proximo
1367 1811 1651 1895 deinceps
1682 1820 1953 1895 tempore
1984 1811 2196 1888 fuerit,
2223 1810 2372 1874 haec

346 1929 667 2006 dicuntur,
717 1952 775 2014 p.
826 1932 954 1992 324
1008 1928 1078 1992 C.
1141 1929 1589 2007 „AdolescenS,
1641 1929 1790 1992 dicit
1836 1930 2125 2014 scriptor,
2180 1951 2371 2012 quum

345 2049 678 2134 cogitarem
732 2049 1170 2134 rempublicam
1217 2071 1558 2132 capessere,
1606 2055 1880 2133 tempora
1924 2048 2076 2111 mihi
2124 2047 2372 2112 adversa

345 2169 636 2232 fuerunt:
687 2169 795 2234 ὑπὸ
842 2175 1070 2234 πολλῶν
1115 2170 1234 2250 γαρ
1278 2176 1382 2242 τῆς
1429 2167 1565 2232 τότε
1608 2167 2023 2248 λοιδορουμένης
2071 2167 2369 2239 πολιτείας

345 2291 476 2374 (np.
537 2298 643 2363 τῆς
701 2289 1112 2372 δημοκρατίας)
1163 2289 1474 2366 μεταβολὴ
1544 2288 1813 2365 γίγνεται
1831 2337 1844 2360 ,
1890 2287 1988 2351 καὶ
2035 2295 2140 2360 τῆς
2186 2309 2370 2363 μετα-

343 2408 531 2485 βολῆς
579 2403 658 2479 εἷς
703 2407 801 2472 καὶ
849 2407 1205 2482 πεντήκοντα
1242 2432 1390 2478 τινες
1428 2407 1622 2487 ἄνδρες
1656 2405 2021 2486 προῦστησαν
2051 2404 2332 2486 ἄρχοντες
2349 2453 2367 2488 ‚

341 2525 547 2590 ἕνδεκα
613 2527 720 2603 μὲν
788 2528 844 2590 ἐν
911 2523 1116 2608 ἄστει,
1175 2525 1314 2590 δέκα
1373 2525 1422 2589 δ’
1461 2527 1518 2590 ἕν
1564 2532 1845 2602 Πειραιεῖ,
1896 2525 2019 2603 περὶ
2066 2527 2122 2588 τ’
2144 2525 2367 2606 οὶγοροὶν

341 2645 598 2722 ἑκάτεροι
644 2645 856 2710 τούτων
902 2643 1011 2710 ὅσα
1056 2647 1112 2708 τ’
1140 2645 1197 2708 ἐν
1241 2651 1361 2715 τοῖς
1399 2644 1605 2708 ἄστεσι
1638 2643 1851 2708 διοικεῖν
1882 2642 2025 2718 ἔδει,
2060 2642 2368 2723 τριάκοντα

341 2767 404 2828 δὲ
452 2765 682 2828 πάντων
735 2761 1015 2844 ἄρχοντες
1059 2763 1432 2837 κατέστησαν
1478 2761 1903 2841 αὐτοκράτορες.
1974 2761 2224 2825 Abolita
2270 2762 2368 2825 de-

341 2884 670 2960 mocratia,
719 2882 1087 2967 reipublicae
1134 2881 1509 2966 praepositos
1543 2903 1670 2944 esse
1700 2878 1850 2943 dicit
1873 2901 2069 2943 unum
2101 2889 2161 2944 et
2194 2881 2367 2964 quin-

344 3002 644 3086 quaginta
670 3001 880 3078 viros,
927 3000 1212 3064 undecim
1258 3000 1321 3064 in
1369 2999 1520 3063 urbe
1535 3048 1554 3077 ‚
1603 2998 1808 3062 decem
1861 2999 1924 3061 in
1965 2998 2179 3062 Piraeo
2197 3048 2216 3076 ,
2265 2998 2369 3062 tri-

343 3123 521 3206 ginta
565 3127 768 3184 autem
815 3142 1054 3183 summa
1095 3125 1395 3204 potestate
1441 3117 1725 3181 omnibus
1770 3117 2155 3201 imperantes,

441 3239 561 3304 Hic
613 3241 741 3324 jam
803 3238 1010 3301 statim
1065 3238 1286 3302 mirum
1333 3235 1554 3300 accidit
1600 3234 1767 3319 quod
1812 3233 2075 3310 Athenis
2120 3257 2369 3319 praepo-

344 3360 452 3422 siti
499 3381 626 3422 esse
673 3358 965 3421 dicuntur
1009 3356 1098 3420 LI
1130 3356 1276 3433 viri,
1325 3355 1500 3439 quasi
1534 3354 1629 3432 hi,
1671 3354 1782 3417 etsi
1814 3353 2133 3438 potestatis
2172 3353 2367 3437 gradu

345 3476 620 3560 dispares
635 3525 654 3554 ,
704 3497 896 3538 unum
943 3481 1146 3538 tamen
1194 3473 1515 3538 consilium
1556 3471 1881 3536 effecerint.
1954 3471 2051 3535 Ab
2082 3470 2367 3534 omnibus

345 3594 654 3658 veteribus
715 3593 1112 3678 scriptoribus
1174 3616 1298 3656 uno
1359 3614 1661 3656 consensu
1720 3593 1767 3655 οἱ
1826 3590 2133 3670 τριάκοντα
2177 3590 2368 3652 nomi-

343 3721 576 3778 nantur
635 3720 928 3796 tanquam
991 3735 1262 3783 summus
1323 3711 1715 3795 magistratus
1735 3760 1752 3788 ,
1818 3733 2127 3774 summum
2189 3709 2369 3772 colle-

345 3834 550 3917 gium,
605 3832 704 3896 cui
750 3832 935 3895 ceteri
982 3853 1190 3894 omnes
1237 3839 1535 3914 parerent.
1630 3828 1749 3892 Illa
1794 3828 2122 3913 appellatio
2166 3850 2367 3910 neque

347 3958 495 4036 apta
553 3957 614 4014 et
675 3957 766 4014 est
826 3949 1092 4014 insolita.
1185 3949 1416 4012 Mirum
1476 3948 1661 4012 etiam
1722 3948 1889 4032 quod
1946 3947 2190 4011 additur
2235 3971 2367 4011 πεν-

347 4067 602 4146 τήκοντα
630 4093 844 4142 τινες,
881 4069 1055 4153 quasi
1085 4067 1150 4131 hi
1175 4067 1418 4131 obscuri
1447 4074 1557 4130 aut
1584 4066 1780 4151 ignoti
1812 4066 2085 4130 homines
2117 4065 2362 4128 fuerint.

349 4191 699 4255 Pronomen
741 4214 830 4262 τις
877 4187 976 4254 hic
1015 4210 1141 4255 non
1171 4187 1364 4275 magis
1395 4187 1544 4253 scite
1576 4185 1922 4276 appositum
1956 4207 2138 4275 quam
2168 4183 2326 4248 infra
2340 4233 2360 4269 ,
