<?xml version="1.0" encoding="UTF-8"?>
<!DOCTYPE html PUBLIC "-//W3C//DTD XHTML 1.0 Transitional//EN"
    "http://www.w3.org/TR/xhtml1/DTD/xhtml1-transitional.dtd">
<html xmlns="http://www.w3.org/1999/xhtml" xml:lang="en" lang="en">
 <head>
  <title>
</title>
<meta http-equiv="Content-Type" content="text/html;charset=utf-8" />
  <meta name='ocr-system' content='tesseract 3.04.00' />
  <meta name='ocr-capabilities' content='ocr_page ocr_carea ocr_par ocr_line ocrx_word'/>
</head>
<body>
  <div class='ocr_page' id='page_1' title='image "./commentatiocrit02karsgoog_0170.png"; bbox 0 0 3025 5067; ppageno 0'>
   <div class='ocr_carea' id='block_1_1' title="bbox 1627 439 1748 498">
    <p class='ocr_par' dir='ltr' id='par_1_1' title="bbox 1627 439 1748 498">
     <span class='ocr_line' id='line_1_1' title="bbox 1627 439 1748 498; baseline 0 -1"><span class='ocrx_word' id='word_1_1' title='bbox 1627 439 1748 498; x_wconf 84' lang='lat'><strong>150</strong></span> 
     </span>
    </p>
   </div>
   <div class='ocr_carea' id='block_1_2' title="bbox 679 643 2707 1559">
    <p class='ocr_par' dir='ltr' id='par_1_2' title="bbox 679 643 2707 1559">
     <span class='ocr_line' id='line_1_2' title="bbox 679 643 2702 728; baseline -0.001 -20"><span class='ocrx_word' id='word_1_2' title='bbox 679 666 814 708; x_wconf 89' lang='lat' dir='ltr'><strong>cum</strong></span> <span class='ocrx_word' id='word_1_3' title='bbox 879 644 1174 728; x_wconf 87' lang='lat' dir='ltr'><strong>Dionysio</strong></span> <span class='ocrx_word' id='word_1_4' title='bbox 1235 651 1296 707; x_wconf 89' lang='lat' dir='ltr'><strong>et</strong></span> <span class='ocrx_word' id='word_1_5' title='bbox 1339 644 1539 707; x_wconf 87' lang='lat' dir='ltr'><strong>Dione</strong></span> <span class='ocrx_word' id='word_1_6' title='bbox 1585 643 2049 707; x_wconf 86' lang='lat' dir='ltr'><strong>consuetudine.</strong></span> <span class='ocrx_word' id='word_1_7' title='bbox 2142 643 2428 708; x_wconf 85' lang='lat' dir='ltr'><strong>Ceterum</strong></span> <span class='ocrx_word' id='word_1_8' title='bbox 2474 645 2702 708; x_wconf 88' lang='lat' dir='ltr'><strong>miran-</strong></span> 
     </span>
     <span class='ocr_line' id='line_1_3' title="bbox 679 761 2700 847; baseline -0 -21"><span class='ocrx_word' id='word_1_9' title='bbox 679 763 824 827; x_wconf 88' lang='lat' dir='ltr'><strong>dum</strong></span> <span class='ocrx_word' id='word_1_10' title='bbox 869 765 936 828; x_wconf 92' lang='lat' dir='ltr'><strong>in</strong></span> <span class='ocrx_word' id='word_1_11' title='bbox 980 763 1076 827; x_wconf 89' lang='lat' dir='ltr'><strong>his</strong></span> <span class='ocrx_word' id='word_1_12' title='bbox 1125 762 1396 847; x_wconf 84' lang='lat' dir='ltr'><strong>epistolis</strong></span> <span class='ocrx_word' id='word_1_13' title='bbox 1444 762 1679 827; x_wconf 89' lang='lat' dir='ltr'><strong>nullam</strong></span> <span class='ocrx_word' id='word_1_14' title='bbox 1727 784 1975 847; x_wconf 91' lang='lat' dir='ltr'><strong>prorsus</strong></span> <span class='ocrx_word' id='word_1_15' title='bbox 2022 761 2394 826; x_wconf 78' lang='lat' dir='ltr'><strong>mentionem</strong></span> <span class='ocrx_word' id='word_1_16' title='bbox 2439 762 2569 826; x_wconf 87' lang='lat' dir='ltr'><strong>fieri</strong></span> <span class='ocrx_word' id='word_1_17' title='bbox 2615 761 2700 825; x_wconf 86' lang='lat' dir='ltr'><strong>de</strong></span> 
     </span>
     <span class='ocr_line' id='line_1_4' title="bbox 679 879 2703 967; baseline -0.001 -21"><span class='ocrx_word' id='word_1_18' title='bbox 679 883 892 947; x_wconf 85' lang='lat' dir='ltr'><strong>ceteris</strong></span> <span class='ocrx_word' id='word_1_19' title='bbox 938 882 1210 947; x_wconf 76' lang='lat' dir='ltr'><strong>Platonis</strong></span> <span class='ocrx_word' id='word_1_20' title='bbox 1257 881 1848 967; x_wconf 82' lang='lat' dir='ltr'><strong>peregrinationibus</strong></span> <span class='ocrx_word' id='word_1_21' title='bbox 1896 902 2047 965; x_wconf 88' lang='lat' dir='ltr'><strong>quas</strong></span> <span class='ocrx_word' id='word_1_22' title='bbox 2125 881 2461 966; x_wconf 83' lang='lat' dir='ltr'><strong>suscepisse</strong></span> <span class='ocrx_word' id='word_1_23' title='bbox 2500 879 2703 943; x_wconf 84' lang='lat' dir='ltr'><strong>fertur</strong></span> 
     </span>
     <span class='ocr_line' id='line_1_5' title="bbox 679 997 2701 1085; baseline -0.001 -21"><span class='ocrx_word' id='word_1_24' title='bbox 679 1001 931 1085; x_wconf 78' lang='lat' dir='ltr'><strong>Megara</strong></span> <span class='ocrx_word' id='word_1_25' title='bbox 945 1049 962 1076; x_wconf 95' lang='lat'>,</span> <span class='ocrx_word' id='word_1_26' title='bbox 1019 999 1292 1084; x_wconf 82' lang='lat' dir='ltr'><strong>Cyrenen</strong></span> <span class='ocrx_word' id='word_1_27' title='bbox 1308 1048 1326 1076; x_wconf 90' lang='lat'>‚</span> <span class='ocrx_word' id='word_1_28' title='bbox 1374 1000 1438 1063; x_wconf 91' lang='lat' dir='ltr'><strong>in</strong></span> <span class='ocrx_word' id='word_1_29' title='bbox 1469 1001 1822 1084; x_wconf 85' lang='lat' dir='ltr'><strong>Aegyptum</strong></span> <span class='ocrx_word' id='word_1_30' title='bbox 1835 1048 1855 1076; x_wconf 86' lang='lat'><strong><em>,</em></strong></span> <span class='ocrx_word' id='word_1_31' title='bbox 1890 1019 2150 1082; x_wconf 86' lang='lat' dir='ltr'><strong>quarum</strong></span> <span class='ocrx_word' id='word_1_32' title='bbox 2180 997 2701 1062; x_wconf 86' lang='lat' dir='ltr'><strong>commemorandi</strong></span> 
     </span>
     <span class='ocr_line' id='line_1_6' title="bbox 680 1116 2705 1202; baseline -0.002 -19"><span class='ocrx_word' id='word_1_33' title='bbox 680 1119 914 1184; x_wconf 84' lang='lat' dir='ltr'><strong>occasio</strong></span> <span class='ocrx_word' id='word_1_34' title='bbox 959 1141 1084 1182; x_wconf 89' lang='lat' dir='ltr'><strong>non</strong></span> <span class='ocrx_word' id='word_1_35' title='bbox 1130 1125 1290 1182; x_wconf 88' lang='lat' dir='ltr'><strong>certe</strong></span> <span class='ocrx_word' id='word_1_36' title='bbox 1336 1117 1543 1181; x_wconf 85' lang='lat' dir='ltr'><strong>deerat</strong></span> <span class='ocrx_word' id='word_1_37' title='bbox 1560 1167 1577 1196; x_wconf 89' lang='lat'><em>,</em></span> <span class='ocrx_word' id='word_1_38' title='bbox 1626 1118 1747 1181; x_wconf 92' lang='lat' dir='ltr'><strong>imo</strong></span> <span class='ocrx_word' id='word_1_39' title='bbox 1794 1141 1888 1180; x_wconf 89' lang='lat' dir='ltr'><strong>res</strong></span> <span class='ocrx_word' id='word_1_40' title='bbox 1936 1119 2065 1202; x_wconf 89' lang='lat' dir='ltr'><strong>ejus</strong></span> <span class='ocrx_word' id='word_1_41' title='bbox 2113 1124 2172 1180; x_wconf 90' lang='lat' dir='ltr'><strong>et</strong></span> <span class='ocrx_word' id='word_1_42' title='bbox 2227 1117 2411 1181; x_wconf 83' lang='lat' dir='ltr'><strong>vitam</strong></span> <span class='ocrx_word' id='word_1_43' title='bbox 2444 1116 2529 1179; x_wconf 90' lang='lat' dir='ltr'><strong>sic</strong></span> <span class='ocrx_word' id='word_1_44' title='bbox 2559 1128 2705 1180; x_wconf 79' lang='lat' dir='ltr'><strong>nar-</strong></span> 
     </span>
     <span class='ocr_line' id='line_1_7' title="bbox 681 1234 2702 1320; baseline -0.001 -19"><span class='ocrx_word' id='word_1_45' title='bbox 681 1239 833 1316; x_wconf 86' lang='lat' dir='ltr'><strong>rari,</strong></span> <span class='ocrx_word' id='word_1_46' title='bbox 897 1245 969 1301; x_wconf 92' lang='lat' dir='ltr'><strong>ut</strong></span> <span class='ocrx_word' id='word_1_47' title='bbox 1030 1236 1152 1300; x_wconf 85' lang='lat' dir='ltr'><strong>illis</strong></span> <span class='ocrx_word' id='word_1_48' title='bbox 1211 1259 1289 1300; x_wconf 91' lang='lat' dir='ltr'><strong>ne</strong></span> <span class='ocrx_word' id='word_1_49' title='bbox 1348 1236 1520 1300; x_wconf 88' lang='lat' dir='ltr'><strong>locus</strong></span> <span class='ocrx_word' id='word_1_50' title='bbox 1576 1236 1823 1320; x_wconf 90' lang='lat' dir='ltr'><strong>quidem</strong></span> <span class='ocrx_word' id='word_1_51' title='bbox 1871 1235 2119 1300; x_wconf 85' lang='lat' dir='ltr'><strong>relictus</strong></span> <span class='ocrx_word' id='word_1_52' title='bbox 2166 1235 2478 1300; x_wconf 85' lang='lat' dir='ltr'><strong>videatur:</strong></span> <span class='ocrx_word' id='word_1_53' title='bbox 2526 1234 2702 1298; x_wconf 84' lang='lat' dir='ltr'><strong>unde</strong></span> 
     </span>
     <span class='ocr_line' id='line_1_8' title="bbox 682 1354 2703 1441; baseline -0.001 -22"><span class='ocrx_word' id='word_1_54' title='bbox 682 1377 870 1441; x_wconf 87' lang='lat' dir='ltr'><strong>paene</strong></span> <span class='ocrx_word' id='word_1_55' title='bbox 923 1355 1244 1439; x_wconf 86' lang='lat' dir='ltr'><strong>suspiceris</strong></span> <span class='ocrx_word' id='word_1_56' title='bbox 1299 1355 1862 1440; x_wconf 88' lang='lat' dir='ltr'><strong>epistolographum</strong></span> <span class='ocrx_word' id='word_1_57' title='bbox 1922 1355 2143 1418; x_wconf 88' lang='lat' dir='ltr'><strong>itinera</strong></span> <span class='ocrx_word' id='word_1_58' title='bbox 2186 1354 2303 1418; x_wconf 90' lang='lat' dir='ltr'><strong>ista</strong></span> <span class='ocrx_word' id='word_1_59' title='bbox 2348 1355 2703 1439; x_wconf 71' lang='lat' dir='ltr'><strong>ignorasse-3</strong></span> 
     </span>
     <span class='ocr_line' id='line_1_9' title="bbox 683 1472 2707 1559; baseline -0.002 -21"><span class='ocrx_word' id='word_1_60' title='bbox 683 1496 806 1559; x_wconf 89' lang='lat' dir='ltr'><strong>quo</strong></span> <span class='ocrx_word' id='word_1_61' title='bbox 868 1480 1081 1558; x_wconf 87' lang='lat' dir='ltr'><strong>sponte</strong></span> <span class='ocrx_word' id='word_1_62' title='bbox 1143 1473 1508 1537; x_wconf 78' lang='lat' dir='ltr'><strong>adducimur</strong></span> <span class='ocrx_word' id='word_1_63' title='bbox 1557 1472 1631 1536; x_wconf 92' lang='lat' dir='ltr'><strong>ad</strong></span> <span class='ocrx_word' id='word_1_64' title='bbox 1681 1473 2130 1556; x_wconf 86' lang='lat' dir='ltr'><strong>quaerendum,</strong></span> <span class='ocrx_word' id='word_1_65' title='bbox 2180 1472 2329 1557; x_wconf 90' lang='lat' dir='ltr'><strong>quid</strong></span> <span class='ocrx_word' id='word_1_66' title='bbox 2375 1472 2515 1536; x_wconf 89' lang='lat' dir='ltr'><strong>fidei</strong></span> <span class='ocrx_word' id='word_1_67' title='bbox 2559 1472 2707 1536; x_wconf 74' lang='lat' dir='ltr'><strong>istis</strong></span> 
     </span>
    </p>
   </div>
   <div class='ocr_carea' id='block_1_3' title="bbox 682 1591 2710 1675">
    <p class='ocr_par' dir='ltr' id='par_1_3' title="bbox 682 1591 2710 1675">
     <span class='ocr_line' id='line_1_10' title="bbox 682 1591 2710 1675; baseline -0.001 -19"><span class='ocrx_word' id='word_1_68' title='bbox 682 1591 1080 1657; x_wconf 79' lang='lat' dir='ltr'><strong>relationibus</strong></span> <span class='ocrx_word' id='word_1_69' title='bbox 1127 1592 1208 1655; x_wconf 90' lang='lat' dir='ltr'><strong>sit</strong></span> <span class='ocrx_word' id='word_1_70' title='bbox 1239 1591 1609 1656; x_wconf 87' lang='lat' dir='ltr'><strong>habendum.</strong></span> <span class='ocrx_word' id='word_1_71' title='bbox 1644 1591 1814 1655; x_wconf 89' lang='lat' dir='ltr'><strong>Haec</strong></span> <span class='ocrx_word' id='word_1_72' title='bbox 1846 1613 1986 1655; x_wconf 84' lang='lat' dir='ltr'><strong>vero</strong></span> <span class='ocrx_word' id='word_1_73' title='bbox 2019 1591 2295 1675; x_wconf 79' lang='lat' dir='ltr'><strong>quaestio</strong></span> <span class='ocrx_word' id='word_1_74' title='bbox 2327 1613 2518 1675; x_wconf 88' lang='lat' dir='ltr'><strong>quum</strong></span> <span class='ocrx_word' id='word_1_75' title='bbox 2549 1612 2710 1674; x_wconf 84' lang='lat' dir='ltr'><strong>quo-</strong></span> 
     </span>
    </p>
   </div>
   <div class='ocr_carea' id='block_1_4' title="bbox 652 1689 2708 1914">
    <p class='ocr_par' dir='ltr' id='par_1_4' title="bbox 652 1689 2708 1914">
     <span class='ocr_line' id='line_1_11' title="bbox 652 1689 2708 1795; baseline -0.001 -21"><span class='ocrx_word' id='word_1_76' title='bbox 652 1689 1007 1774; x_wconf 82' lang='lat' dir='ltr'><strong>&#39;dammodo</strong></span> <span class='ocrx_word' id='word_1_77' title='bbox 1053 1709 1134 1774; x_wconf 92' lang='lat' dir='ltr'><strong>sit</strong></span> <span class='ocrx_word' id='word_1_78' title='bbox 1179 1709 1471 1795; x_wconf 83' lang='lat' dir='ltr'><strong>digressio</strong></span> <span class='ocrx_word' id='word_1_79' title='bbox 1520 1733 1556 1773; x_wconf 91' lang='lat' dir='ltr'><strong>a</strong></span> <span class='ocrx_word' id='word_1_80' title='bbox 1600 1709 1912 1794; x_wconf 88' lang='lat' dir='ltr'><strong>proposito</strong></span> <span class='ocrx_word' id='word_1_81' title='bbox 1929 1759 1948 1787; x_wconf 90' lang='lat'><em>,</em></span> <span class='ocrx_word' id='word_1_82' title='bbox 1998 1718 2207 1794; x_wconf 90' lang='lat' dir='ltr'><strong>postea</strong></span> <span class='ocrx_word' id='word_1_83' title='bbox 2264 1730 2301 1772; x_wconf 90' lang='lat' dir='ltr'><strong>a</strong></span> <span class='ocrx_word' id='word_1_84' title='bbox 2343 1731 2440 1773; x_wconf 89' lang='lat' dir='ltr'><strong>me</strong></span> <span class='ocrx_word' id='word_1_85' title='bbox 2479 1716 2708 1772; x_wconf 83' lang='lat' dir='ltr'><strong>tracta-</strong></span> 
     </span>
     <span class='ocr_line' id='line_1_12' title="bbox 685 1827 2637 1914; baseline -0.003 -19"><span class='ocrx_word' id='word_1_86' title='bbox 685 1831 853 1895; x_wconf 86' lang='lat' dir='ltr'><strong>bitur</strong></span> <span class='ocrx_word' id='word_1_87' title='bbox 867 1877 887 1908; x_wconf 90' lang='lat'><strong><em>,</em></strong></span> <span class='ocrx_word' id='word_1_88' title='bbox 936 1831 988 1893; x_wconf 89' lang='lat' dir='ltr'><strong>si</strong></span> <span class='ocrx_word' id='word_1_89' title='bbox 1032 1829 1202 1914; x_wconf 88' lang='lat' dir='ltr'><strong>prius</strong></span> <span class='ocrx_word' id='word_1_90' title='bbox 1247 1837 1446 1894; x_wconf 83' lang='lat' dir='ltr'><strong>cetera</strong></span> <span class='ocrx_word' id='word_1_91' title='bbox 1491 1827 1569 1892; x_wconf 82' lang='lat' dir='ltr'><strong>ad</strong></span> <span class='ocrx_word' id='word_1_92' title='bbox 1614 1827 1931 1892; x_wconf 84' lang='lat' dir='ltr'><strong>historiam</strong></span> <span class='ocrx_word' id='word_1_93' title='bbox 1979 1828 2319 1913; x_wconf 85' lang='lat' dir='ltr'><strong>spectantia</strong></span> <span class='ocrx_word' id='word_1_94' title='bbox 2364 1828 2637 1912; x_wconf 77' lang='lat' dir='ltr'><strong>attigero,</strong></span> 
     </span>
    </p>
   </div>
   <div class='ocr_carea' id='block_1_5' title="bbox 1614 2067 1763 2150">
    <p class='ocr_par' dir='ltr' id='par_1_5' title="bbox 1614 2067 1763 2150">
     <span class='ocr_line' id='line_1_13' title="bbox 1614 2067 1763 2150; baseline 0 -22"><span class='ocrx_word' id='word_1_95' title='bbox 1614 2067 1763 2150; x_wconf 72' lang='lat'><strong>§4-</strong></span> 
     </span>
    </p>
   </div>
   <div class='ocr_carea' id='block_1_6' title="bbox 895 2302 2495 2504">
    <p class='ocr_par' dir='ltr' id='par_1_6' title="bbox 895 2302 2495 2504">
     <span class='ocr_line' id='line_1_14' title="bbox 895 2302 2495 2396; baseline -0.001 -30"><span class='ocrx_word' id='word_1_96' title='bbox 895 2304 990 2366; x_wconf 84' lang='lat' dir='ltr'><strong>De</strong></span> <span class='ocrx_word' id='word_1_97' title='bbox 1033 2302 1175 2367; x_wconf 77' lang='lat' dir='ltr'><strong>aliis</strong></span> <span class='ocrx_word' id='word_1_98' title='bbox 1216 2302 1556 2388; x_wconf 81' lang='lat' dir='ltr'><strong>quibusdam</strong></span> <span class='ocrx_word' id='word_1_99' title='bbox 1598 2325 1747 2387; x_wconf 78' lang='lat' dir='ltr'><strong>quae</strong></span> <span class='ocrx_word' id='word_1_100' title='bbox 1788 2302 1865 2396; x_wconf 33' lang='lat' dir='ltr'><strong>in·</strong></span> <span class='ocrx_word' id='word_1_101' title='bbox 1898 2304 2184 2384; x_wconf 74' lang='lat' dir='ltr'><strong>Epistobis</strong></span> <span class='ocrx_word' id='word_1_102' title='bbox 2226 2305 2495 2386; x_wconf 68' lang='lat' dir='ltr'><strong>lequntur</strong></span> 
     </span>
     <span class='ocr_line' id='line_1_15' title="bbox 1255 2420 2132 2504; baseline 0.003 -20"><span class='ocrx_word' id='word_1_103' title='bbox 1255 2423 1339 2485; x_wconf 84' lang='lat' dir='ltr'><strong>ad</strong></span> <span class='ocrx_word' id='word_1_104' title='bbox 1375 2420 1681 2485; x_wconf 70' lang='lat' dir='ltr'><strong>historiam</strong></span> <span class='ocrx_word' id='word_1_105' title='bbox 1724 2423 2132 2504; x_wconf 72' lang='lat' dir='ltr'><strong>spectantibus.</strong></span> 
     </span>
    </p>
   </div>
   <div class='ocr_carea' id='block_1_7' title="bbox 589 2658 2708 4289">
    <p class='ocr_par' dir='ltr' id='par_1_7' title="bbox 678 2658 2708 3336">
     <span class='ocr_line' id='line_1_16' title="bbox 771 2658 2708 2746; baseline -0.001 -22"><span class='ocrx_word' id='word_1_106' title='bbox 771 2659 849 2724; x_wconf 91' lang='lat' dir='ltr'><strong>In</strong></span> <span class='ocrx_word' id='word_1_107' title='bbox 907 2658 1200 2743; x_wconf 83' lang='lat' dir='ltr'><strong>Epistolis</strong></span> <span class='ocrx_word' id='word_1_108' title='bbox 1261 2659 1486 2744; x_wconf 88' lang='lat' dir='ltr'><strong>passim</strong></span> <span class='ocrx_word' id='word_1_109' title='bbox 1546 2667 1960 2725; x_wconf 84' lang='lat' dir='ltr'><strong>memorantur</strong></span> <span class='ocrx_word' id='word_1_110' title='bbox 2019 2684 2114 2724; x_wconf 87' lang='lat' dir='ltr'><strong>res</strong></span> <span class='ocrx_word' id='word_1_111' title='bbox 2176 2660 2254 2726; x_wconf 92' lang='lat' dir='ltr'><strong>ad</strong></span> <span class='ocrx_word' id='word_1_112' title='bbox 2310 2660 2592 2746; x_wconf 78' lang='lat' dir='ltr'><strong>Dionysii</strong></span> <span class='ocrx_word' id='word_1_113' title='bbox 2634 2667 2708 2724; x_wconf 82' lang='lat' dir='ltr'><strong>et</strong></span> 
     </span>
     <span class='ocr_line' id='line_1_17' title="bbox 682 2777 2708 2861; baseline 0.001 -21"><span class='ocrx_word' id='word_1_114' title='bbox 682 2777 899 2841; x_wconf 90' lang='lat' dir='ltr'><strong>Dionis</strong></span> <span class='ocrx_word' id='word_1_115' title='bbox 957 2777 1246 2840; x_wconf 86' lang='lat' dir='ltr'><strong>familiam</strong></span> <span class='ocrx_word' id='word_1_116' title='bbox 1308 2784 1681 2861; x_wconf 82' lang='lat' dir='ltr'><strong>spectantes3</strong></span> <span class='ocrx_word' id='word_1_117' title='bbox 1744 2777 1808 2841; x_wconf 89' lang='lat' dir='ltr'><strong>in</strong></span> <span class='ocrx_word' id='word_1_118' title='bbox 1868 2779 1963 2842; x_wconf 90' lang='lat' dir='ltr'><strong>his</strong></span> <span class='ocrx_word' id='word_1_119' title='bbox 2020 2778 2321 2842; x_wconf 88' lang='lat' dir='ltr'><strong>nonnulla</strong></span> <span class='ocrx_word' id='word_1_120' title='bbox 2365 2786 2708 2842; x_wconf 87' lang='lat' dir='ltr'><strong>occurrunt</strong></span> 
     </span>
     <span class='ocr_line' id='line_1_18' title="bbox 681 2895 2706 2980; baseline 0 -21"><span class='ocrx_word' id='word_1_121' title='bbox 681 2919 837 2980; x_wconf 86' lang='lat' dir='ltr'><strong>quae</strong></span> <span class='ocrx_word' id='word_1_122' title='bbox 906 2903 1174 2979; x_wconf 88' lang='lat' dir='ltr'><strong>arguunt</strong></span> <span class='ocrx_word' id='word_1_123' title='bbox 1248 2895 1529 2980; x_wconf 87' lang='lat' dir='ltr'><strong>scriptori</strong></span> <span class='ocrx_word' id='word_1_124' title='bbox 1590 2919 1713 2960; x_wconf 91' lang='lat' dir='ltr'><strong>non</strong></span> <span class='ocrx_word' id='word_1_125' title='bbox 1761 2919 1892 2961; x_wconf 90' lang='lat' dir='ltr'><strong>eam</strong></span> <span class='ocrx_word' id='word_1_126' title='bbox 1941 2897 2129 2961; x_wconf 82' lang='lat' dir='ltr'><strong>fuisse</strong></span> <span class='ocrx_word' id='word_1_127' title='bbox 2174 2919 2315 2960; x_wconf 89' lang='lat' dir='ltr'><strong>cum</strong></span> <span class='ocrx_word' id='word_1_128' title='bbox 2360 2897 2482 2961; x_wconf 89' lang='lat' dir='ltr'><strong>illis</strong></span> <span class='ocrx_word' id='word_1_129' title='bbox 2528 2897 2706 2960; x_wconf 88' lang='lat' dir='ltr'><strong>fami-</strong></span> 
     </span>
     <span class='ocr_line' id='line_1_19' title="bbox 680 3013 2701 3101; baseline -0 -22"><span class='ocrx_word' id='word_1_130' title='bbox 680 3014 1037 3092; x_wconf 85' lang='lat' dir='ltr'><strong>liaritatem,</strong></span> <span class='ocrx_word' id='word_1_131' title='bbox 1085 3013 1326 3098; x_wconf 87' lang='lat' dir='ltr'><strong>qualem</strong></span> <span class='ocrx_word' id='word_1_132' title='bbox 1374 3014 1643 3078; x_wconf 87' lang='lat' dir='ltr'><strong>simulat.</strong></span> <span class='ocrx_word' id='word_1_133' title='bbox 1718 3014 1877 3079; x_wconf 83' lang='lat' dir='ltr'><strong>Sunt</strong></span> <span class='ocrx_word' id='word_1_134' title='bbox 1923 3015 2089 3080; x_wconf 91' lang='lat' dir='ltr'><strong>enim</strong></span> <span class='ocrx_word' id='word_1_135' title='bbox 2134 3015 2317 3093; x_wconf 86' lang='lat' dir='ltr'><strong>talia,</strong></span> <span class='ocrx_word' id='word_1_136' title='bbox 2350 3016 2413 3079; x_wconf 92' lang='lat' dir='ltr'><strong>in</strong></span> <span class='ocrx_word' id='word_1_137' title='bbox 2438 3015 2701 3101; x_wconf 79' lang='lat' dir='ltr'><strong>quibuS,</strong></span> 
     </span>
     <span class='ocr_line' id='line_1_20' title="bbox 678 3133 2706 3220; baseline -0 -21"><span class='ocrx_word' id='word_1_138' title='bbox 678 3143 750 3199; x_wconf 86' lang='lat' dir='ltr'><strong>ut</strong></span> <span class='ocrx_word' id='word_1_139' title='bbox 812 3135 1125 3220; x_wconf 87' lang='lat' dir='ltr'><strong>peregrino</strong></span> <span class='ocrx_word' id='word_1_140' title='bbox 1186 3133 1316 3196; x_wconf 85' lang='lat' dir='ltr'><strong>falli</strong></span> <span class='ocrx_word' id='word_1_141' title='bbox 1370 3134 1639 3219; x_wconf 88' lang='lat' dir='ltr'><strong>proclive</strong></span> <span class='ocrx_word' id='word_1_142' title='bbox 1656 3181 1674 3212; x_wconf 91' lang='lat'><em>,</em></span> <span class='ocrx_word' id='word_1_143' title='bbox 1723 3134 1811 3198; x_wconf 88' lang='lat' dir='ltr'><strong>ita</strong></span> <span class='ocrx_word' id='word_1_144' title='bbox 1855 3135 2140 3198; x_wconf 85' lang='lat' dir='ltr'><strong>familiari</strong></span> <span class='ocrx_word' id='word_1_145' title='bbox 2184 3134 2307 3200; x_wconf 88' lang='lat' dir='ltr'><strong>labi</strong></span> <span class='ocrx_word' id='word_1_146' title='bbox 2351 3155 2478 3200; x_wconf 91' lang='lat' dir='ltr'><strong>non</strong></span> <span class='ocrx_word' id='word_1_147' title='bbox 2521 3133 2706 3198; x_wconf 82' lang='lat' dir='ltr'><strong>facile</strong></span> 
     </span>
     <span class='ocr_line' id='line_1_21' title="bbox 679 3251 1633 3336; baseline -0.002 -19"><span class='ocrx_word' id='word_1_148' title='bbox 679 3260 808 3318; x_wconf 87' lang='lat' dir='ltr'><strong>erat</strong></span> <span class='ocrx_word' id='word_1_149' title='bbox 819 3279 837 3330; x_wconf 90' lang='lat'>;</span> <span class='ocrx_word' id='word_1_150' title='bbox 887 3251 1227 3336; x_wconf 87' lang='lat' dir='ltr'><strong>cujusmodi</strong></span> <span class='ocrx_word' id='word_1_151' title='bbox 1275 3259 1419 3315; x_wconf 89' lang='lat' dir='ltr'><strong>sunt</strong></span> <span class='ocrx_word' id='word_1_152' title='bbox 1464 3252 1633 3317; x_wconf 83' lang='lat' dir='ltr'><strong>haec.</strong></span> 
     </span>
    </p>

    <p class='ocr_par' dir='ltr' id='par_1_8' title="bbox 589 3369 2705 4289">
     <span class='ocr_line' id='line_1_22' title="bbox 769 3369 2705 3455; baseline 0.001 -20"><span class='ocrx_word' id='word_1_153' title='bbox 769 3371 847 3435; x_wconf 93' lang='lat' dir='ltr'><strong>In</strong></span> <span class='ocrx_word' id='word_1_154' title='bbox 892 3370 1169 3455; x_wconf 83' lang='lat' dir='ltr'><strong>Epistola</strong></span> <span class='ocrx_word' id='word_1_155' title='bbox 1208 3369 1374 3447; x_wconf 82' lang='lat' dir='ltr'>VII,</span> <span class='ocrx_word' id='word_1_156' title='bbox 1424 3393 1482 3454; x_wconf 92' lang='lat' dir='ltr'><strong>p.</strong></span> <span class='ocrx_word' id='word_1_157' title='bbox 1534 3372 1662 3433; x_wconf 79' lang='lat'><strong>328</strong></span> <span class='ocrx_word' id='word_1_158' title='bbox 1711 3373 1803 3448; x_wconf 81' lang='lat' dir='ltr'><strong>A,</strong></span> <span class='ocrx_word' id='word_1_159' title='bbox 1842 3371 1961 3434; x_wconf 93' lang='lat' dir='ltr'><strong>Dio</strong></span> <span class='ocrx_word' id='word_1_160' title='bbox 1992 3371 2312 3436; x_wconf 86' lang='lat' dir='ltr'><strong>Platonem</strong></span> <span class='ocrx_word' id='word_1_161' title='bbox 2343 3371 2591 3436; x_wconf 88' lang='lat' dir='ltr'><strong>hortans</strong></span> <span class='ocrx_word' id='word_1_162' title='bbox 2624 3379 2705 3436; x_wconf 82' lang='lat' dir='ltr'><strong>ut</strong></span> 
     </span>
     <span class='ocr_line' id='line_1_23' title="bbox 589 3487 2700 3574; baseline 0.002 -23"><span class='ocrx_word' id='word_1_163' title='bbox 589 3501 600 3508; x_wconf 85' lang='lat'><strong><em>‘</em></strong></span> <span class='ocrx_word' id='word_1_164' title='bbox 683 3488 1006 3573; x_wconf 81' lang='lat' dir='ltr'><strong>Syracusas</strong></span> <span class='ocrx_word' id='word_1_165' title='bbox 1066 3487 1302 3565; x_wconf 86' lang='lat' dir='ltr'><strong>veniat,</strong></span> <span class='ocrx_word' id='word_1_166' title='bbox 1350 3487 1659 3572; x_wconf 81' lang='lat' dir='ltr'><strong>praedicat</strong></span> <span class='ocrx_word' id='word_1_167' title='bbox 1719 3496 1853 3553; x_wconf 89' lang='lat' dir='ltr'><strong>tum</strong></span> <span class='ocrx_word' id='word_1_168' title='bbox 1914 3489 2195 3574; x_wconf 90' lang='lat' dir='ltr'><strong>Dionysii</strong></span> <span class='ocrx_word' id='word_1_169' title='bbox 2241 3491 2544 3568; x_wconf 68' lang='grc' dir='ltr'><strong><em>ἐπιθυμίαν</em></strong></span> <span class='ocrx_word' id='word_1_170' title='bbox 2587 3499 2700 3564; x_wconf 79' lang='grc' dir='ltr'><strong>τῆς</strong></span> 
     </span>
     <span class='ocr_line' id='line_1_24' title="bbox 681 3607 2705 3690; baseline 0.002 -20"><span class='ocrx_word' id='word_1_171' title='bbox 681 3607 1064 3689; x_wconf 71' lang='grc' dir='ltr'><em>φιλοσοφίας,</em></span> <span class='ocrx_word' id='word_1_172' title='bbox 1127 3613 1262 3670; x_wconf 85' lang='lat' dir='ltr'><strong>tum</strong></span> <span class='ocrx_word' id='word_1_173' title='bbox 1321 3607 1451 3679; x_wconf 80' lang='grc' dir='ltr'><em>τοὺς</em></span> <span class='ocrx_word' id='word_1_174' title='bbox 1511 3610 1690 3672; x_wconf 62' lang='grc' dir='ltr'><em>αὑτοῦ</em></span> <span class='ocrx_word' id='word_1_175' title='bbox 1730 3609 2109 3687; x_wconf 69' lang='grc' dir='ltr'><em>ἀδελφιδοῦς,</em></span> <span class='ocrx_word' id='word_1_176' title='bbox 2151 3612 2224 3682; x_wconf 76' lang='grc' dir='ltr'><strong>ὥς</strong></span> <span class='ocrx_word' id='word_1_177' title='bbox 2270 3609 2705 3690; x_wconf 69' lang='grc' dir='ltr'><strong>εὐπαράκλητοι</strong></span> 
     </span>
     <span class='ocr_line' id='line_1_25' title="bbox 682 3721 2701 3810; baseline 0.002 -22"><span class='ocrx_word' id='word_1_178' title='bbox 682 3721 792 3789; x_wconf 81' lang='grc' dir='ltr'><em>εἷεν</em></span> <span class='ocrx_word' id='word_1_179' title='bbox 837 3725 973 3803; x_wconf 78' lang='grc' dir='ltr'><strong>πρὸς</strong></span> <span class='ocrx_word' id='word_1_180' title='bbox 1017 3726 1115 3789; x_wconf 81' lang='grc' dir='ltr'><strong>τὸν</strong></span> <span class='ocrx_word' id='word_1_181' title='bbox 1175 3725 1275 3788; x_wconf 78' lang='grc' dir='ltr'><strong>ὑπ’</strong></span> <span class='ocrx_word' id='word_1_182' title='bbox 1317 3726 1457 3802; x_wconf 77' lang='grc' dir='ltr'><em>ἐμοῦ</em></span> <span class='ocrx_word' id='word_1_183' title='bbox 1518 3725 1819 3810; x_wconf 89' lang='lat' dir='ltr'><strong>(Platone)</strong></span> <span class='ocrx_word' id='word_1_184' title='bbox 1862 3726 2178 3804; x_wconf 73' lang='grc' dir='ltr'><em>λεγόμενον</em></span> <span class='ocrx_word' id='word_1_185' title='bbox 2222 3729 2315 3793; x_wconf 75' lang='grc' dir='ltr'><strong>ἀεὶ</strong></span> <span class='ocrx_word' id='word_1_186' title='bbox 2379 3725 2551 3810; x_wconf 65' lang='grc' dir='ltr'><em>λόγον</em></span> <span class='ocrx_word' id='word_1_187' title='bbox 2592 3728 2701 3793; x_wconf 72' lang='lat' dir='ltr'><strong>xx&gt;</strong></span> 
     </span>
     <span class='ocr_line' id='line_1_26' title="bbox 680 3841 2699 3924; baseline 0.002 -18"><span class='ocrx_word' id='word_1_188' title='bbox 680 3841 833 3922; x_wconf 84' lang='grc' dir='ltr'><em>βίον,</em></span> <span class='ocrx_word' id='word_1_189' title='bbox 912 3841 1256 3908; x_wconf 65' lang='grc' dir='ltr'><em>ἱκανώτατοί</em></span> <span class='ocrx_word' id='word_1_190' title='bbox 1333 3867 1402 3907; x_wconf 77' lang='grc' dir='ltr'><strong>τε</strong></span> <span class='ocrx_word' id='word_1_191' title='bbox 1487 3843 1772 3909; x_wconf 80' lang='grc' dir='ltr'><em>Διονύσιον</em></span> <span class='ocrx_word' id='word_1_192' title='bbox 1854 3843 2363 3924; x_wconf 67' lang='grc' dir='ltr'><strong>ξυμπαρωκοιλεῖν.</strong></span> <span class='ocrx_word' id='word_1_193' title='bbox 2479 3847 2699 3912; x_wconf 89' lang='lat' dir='ltr'><strong>Dionis</strong></span> 
     </span>
     <span class='ocr_line' id='line_1_27' title="bbox 679 3959 2697 4049; baseline 0.002 -23"><span class='ocrx_word' id='word_1_194' title='bbox 679 3959 1011 4039; x_wconf 66' lang='grc' dir='ltr'><em>ἀδελφιδοῖ,</em></span> <span class='ocrx_word' id='word_1_195' title='bbox 1077 3983 1109 4024; x_wconf 90' lang='lat' dir='ltr'><strong>e</strong></span> <span class='ocrx_word' id='word_1_196' title='bbox 1177 3983 1379 4026; x_wconf 89' lang='lat' dir='ltr'><strong>sorore</strong></span> <span class='ocrx_word' id='word_1_197' title='bbox 1445 3969 1697 4046; x_wconf 88' lang='lat' dir='ltr'><strong>nepotes</strong></span> <span class='ocrx_word' id='word_1_198' title='bbox 1713 4012 1732 4041; x_wconf 92' lang='lat'><em>,</em></span> <span class='ocrx_word' id='word_1_199' title='bbox 1805 3963 2086 4048; x_wconf 91' lang='lat' dir='ltr'><strong>Dionysii</strong></span> <span class='ocrx_word' id='word_1_200' title='bbox 2135 3965 2398 4049; x_wconf 89' lang='lat' dir='ltr'><strong>junioris</strong></span> <span class='ocrx_word' id='word_1_201' title='bbox 2444 3967 2657 4030; x_wconf 77' lang='lat' dir='ltr'><strong>fi-atres</strong></span> <span class='ocrx_word' id='word_1_202' title='bbox 2674 4017 2697 4043; x_wconf 92' lang='lat'><em>,</em></span> 
     </span>
     <span class='ocr_line' id='line_1_28' title="bbox 675 4076 2700 4170; baseline 0.004 -31"><span class='ocrx_word' id='word_1_203' title='bbox 675 4076 802 4140; x_wconf 90' lang='lat' dir='ltr'><strong>duo</strong></span> <span class='ocrx_word' id='word_1_204' title='bbox 864 4076 938 4141; x_wconf 91' lang='lat' dir='ltr'><strong>ab</strong></span> <span class='ocrx_word' id='word_1_205' title='bbox 999 4077 1302 4142; x_wconf 84' lang='lat' dir='ltr'><strong>historicis</strong></span> <span class='ocrx_word' id='word_1_206' title='bbox 1363 4081 1789 4159; x_wconf 86' lang='lat' dir='ltr'><strong>nominantur,</strong></span> <span class='ocrx_word' id='word_1_207' title='bbox 1852 4081 2234 4167; x_wconf 90' lang='lat' dir='ltr'><strong>Hipparinus</strong></span> <span class='ocrx_word' id='word_1_208' title='bbox 2300 4091 2361 4147; x_wconf 90' lang='lat' dir='ltr'><strong>et</strong></span> <span class='ocrx_word' id='word_1_209' title='bbox 2417 4082 2700 4170; x_wconf 87' lang='lat' dir='ltr'><strong>Nysaeus</strong></span> 
     </span>
     <span class='ocr_line' id='line_1_29' title="bbox 679 4193 2696 4289; baseline 0.004 -32"><span class='ocrx_word' id='word_1_210' title='bbox 679 4193 948 4280; x_wconf 79' lang='lat' dir='ltr'><strong>(NePOS,</strong></span> <span class='ocrx_word' id='word_1_211' title='bbox 1016 4195 1196 4260; x_wconf 88' lang='lat' dir='ltr'><strong>Dion.</strong></span> <span class='ocrx_word' id='word_1_212' title='bbox 1240 4219 1290 4261; x_wconf 90' lang='lat' dir='ltr'><strong>c.</strong></span> <span class='ocrx_word' id='word_1_213' title='bbox 1345 4199 1422 4283; x_wconf 92' lang='grc'><strong>1).</strong></span> <span class='ocrx_word' id='word_1_214' title='bbox 1469 4197 1610 4263; x_wconf 87' lang='lat' dir='ltr'><strong>Jam</strong></span> <span class='ocrx_word' id='word_1_215' title='bbox 1662 4221 1734 4264; x_wconf 84' lang='lat' dir='ltr'><strong>ex</strong></span> <span class='ocrx_word' id='word_1_216' title='bbox 1780 4201 1913 4285; x_wconf 89' lang='lat' dir='ltr'><strong>ipsa</strong></span> <span class='ocrx_word' id='word_1_217' title='bbox 1956 4201 2268 4287; x_wconf 86' lang='lat' dir='ltr'><strong>Epistola,</strong></span> <span class='ocrx_word' id='word_1_218' title='bbox 2315 4223 2373 4289; x_wconf 89' lang='lat' dir='ltr'><strong>p.</strong></span> <span class='ocrx_word' id='word_1_219' title='bbox 2424 4205 2553 4266; x_wconf 79' lang='lat'><strong>324</strong></span> <span class='ocrx_word' id='word_1_220' title='bbox 2601 4204 2696 4281; x_wconf 87' lang='lat' dir='ltr'><strong>A,</strong></span> 
     </span>
    </p>
   </div>
  </div>
 </body>
</html>
