3025 5067
1589 362 1713 421 230

738 568 802 631 Si
869 569 998 653 ipse
1067 568 1155 630 ita
1198 568 1531 644 sentiebat,
1580 566 1729 649 quid
1776 567 1998 631 mirum
2046 568 2096 629 si
2144 590 2178 629 a
2223 565 2434 630 multis
2481 561 2662 649 prop—

648 695 743 751 ter
800 688 1019 751 itinera
1062 687 1181 750 ista
1239 687 1621 771 vituperatus
1684 693 1776 749 est
1823 694 1930 750 aut
1991 685 2272 751 derisus?
2359 684 2424 747 Si
2483 683 2669 747 Euri-

651 806 779 892 pidi
839 806 989 869 vitio
1051 800 1263 869 datum
1343 813 1434 869 est
1505 805 1671 890 quod
1725 804 2010 869 Archelai
2062 803 2458 868 Macedoniae
2501 802 2666 885 regis

651 924 986 1009 hospitium
1018 924 1403 1009 sequebatur,
1436 931 1668 1007 quanto
1703 924 1900 987 acrius
1933 922 2235 987 offendere
2259 921 2474 986 debuit
2497 920 2668 1005 quod

650 1044 827 1108 Plato
844 1094 863 1121 ‚
934 1044 1025 1109 vir
1096 1044 1407 1121 doctrina,
1470 1044 1802 1128 sapientia,
1879 1042 2116 1128 generis
2185 1040 2505 1127 splendore
2573 1040 2670 1103 in-

651 1162 839 1247 signis
854 1210 873 1241 ‚
944 1161 1019 1226 ad
1086 1160 1522 1247 Syracusarum
1566 1169 1854 1247 tyrannos
1908 1160 2278 1226 diverteret?
2362 1158 2662 1223 Omnium

654 1280 811 1346 enim
860 1288 1255 1367 tyrannorum
1300 1282 1560 1345 maxime
1605 1281 1929 1365 Dionysios
1977 1280 2054 1345 ob
2103 1280 2438 1365 potentiam
2470 1300 2669 1362 aeque

654 1400 838 1485 atque
900 1400 979 1465 ob
1042 1401 1386 1486 superbiam
1448 1407 1509 1465 et
1567 1400 2093 1487 importunitatem
2149 1398 2395 1463 Graecis
2441 1398 2674 1461 invisos

654 1520 873 1599 fuisse,
922 1542 996 1584 ex
1040 1520 1294 1584 historia
1338 1528 1555 1584 notum
1601 1527 1692 1584 est
1728 1521 1795 1604 l).
1843 1519 1969 1598 Qui
2014 1518 2207 1603 igitur
2252 1518 2337 1581 sic
2382 1525 2456 1583 ut
2484 1516 2670 1579 Plato

656 1638 877 1703 horum
934 1637 1333 1724 tyrannorum
1392 1638 1586 1723 gratia
1645 1638 1916 1716 floreret,
1981 1636 2286 1722 quomodo
2342 1636 2394 1699 is
2441 1636 2672 1700 civium

658 1757 951 1822 invidiam
984 1738 1204 1823 evitare
1249 1758 1590 1843 potuisset?
1636 1757 1891 1822 Accedit
1923 1756 2086 1842 quod
2124 1756 2479 1820 indecorum
2510 1740 2678 1819 bide·

660 1877 843 1942 batur
856 1926 875 1959 ‚
921 1876 1387 1963 philosophum,
1450 1878 1559 1963 qui
1603 1883 1867 1941 mentem
1912 1876 2172 1941 maxime
2216 1875 2397 1939 rebus
2445 1874 2674 1939 divinis

665 1998 967 2061 intentam
1049 1996 1331 2074 haberet,
1394 1997 1742 2061 istiusmodi
1816 1996 2136 2061 hominum
2204 1996 2471 2081 hospitio
2542 1994 2638 2059 uti
2655 2045 2673 2073 ‚

668 2138 930 2199 quorum
974 2116 1221 2180 luxuria
1267 2122 1327 2181 et
1371 2116 1564 2181 libido
1609 2116 1676 2180 in
1719 2116 2109 2201 proverbium
2155 2115 2447 2180 abierant.
2479 2114 2528 2200 2)

754 2233 1033 2299 Laertius
1080 2234 1313 2301 dictum
1334 2234 1535 2301 ‚nobis
1567 2236 1827 2300 servavit
1856 2234 2125 2299 Molonis
2157 2233 2507 2312 cuiusdam,
2541 2232 2682 2297 Pla-

667 2354 828 2418 tonis
850 2403 869 2431 ,
925 2359 997 2417 ut
1036 2353 1328 2431 videtur,-
1358 2340 1628 2438 aequalis
1674 2354 1833 2437 (III,
1881 2356 1915 2439 ξ
1961 2356 2065 2418 34.
2114 2353 2190 2417 cf.
2231 2353 2476 2437 Menag.
2520 2351 2675 2417 Obs.

666 2496 727 2557 p.
781 2474 959 2558 151),
1008 2473 1173 2537 unde
1217 2472 1505 2537 discimus
1552 2496 1756 2537 revera
1797 2473 1986 2537 fuisse
2032 2474 2139 2557 qui
2184 2472 2500 2537 Platonem
2534 2471 2678 2536 ideo

669 2592 1025 2677 culparent:
1094 2593 1157 2657 οὐ
1215 2597 1383 2657 τοῦτο
1400 2636 1419 2668 ,
1480 2592 1687 2677 inquit
1699 2642 1719 2671 ,
1781 2592 2117 2670 θαυμαστὸν
2134 2642 2152 2670 ,
2193 2592 2239 2655 εἰ
2286 2589 2572 2663 Διονύσιος
2620 2592 2682 2654 ἐν

669 2711 901 2793 Κορίνθῳ
918 2760 937 2794 ,
982 2711 1123 2775 ἀλλ’
1154 2712 1202 2776 εἷ
1244 2710 1495 2776 Πλάτων
1541 2714 1597 2775 ἐν
1643 2712 1917 2787 Σικελίᾳε
1969 2734 2138 2795 „non
2174 2717 2300 2775 tam
2333 2710 2683 2773 mirandum

674 2829 841 2915 quod
901 2836 1196 2915 tyrannus
1254 2852 1442 2915 regno
1504 2829 1720 2915 pulsus
1768 2829 2050 2894 Corinthi
2111 2830 2448 2907 exsularet,
2499 2852 2685 2913 quam

676 2948 842 3033 quod
915 2948 1197 3034 princeps
1270 2948 1676 3035 philosophus
1734 2939 1978 3034 tyranni
2047 2949 2250 3013 aulam
2318 2947 2685 3013 visitasset.'’

675 3070 881 3153 Atque
902 3066 1249 3133 istiusmodi
1270 3068 1796 3153 reprehensionem
1826 3069 2121 3154 respicere
2153 3066 2684 3154 epistolographus

742 3398 791 3461 1)
826 3396 1021 3463 Insigne
1052 3396 1195 3447 huius
1229 3396 1326 3446 odii
1360 3396 1702 3447 documentum
1735 3396 1921 3447 editum
1953 3400 2027 3446 est
2061 3397 2186 3447 ludis
2221 3397 2462 3465 Olympiis
2495 3414 2538 3449 a.
2559 3398 2690 3457 384,

679 3492 761 3543 ubi
783 3492 1003 3557 Dionysii
1025 3491 1238 3552 theoria,
1271 3492 1532 3556 instigante
1567 3492 1710 3557 Lysia
1728 3497 1944 3553 oratore,
1968 3510 1992 3543 e
2017 3497 2260 3543 conventu
2281 3493 2444 3558 pulsa,
2470 3494 2691 3553 tentoria,

679 3602 848 3658 currus
868 3626 881 3647 ,
934 3588 1057 3637 dona
1104 3604 1223 3653 quae
1274 3589 1504 3639 attulerat
1546 3592 1753 3639 cremata
1786 3594 1915 3639 sunt.
1982 3590 2103 3639 Rem
2137 3593 2329 3638 enarrat
2363 3570 2538 3648 Grote‚
2561 3589 2689 3639 Hist.

680 3686 734 3734 of
771 3684 935 3734 Greec.
982 3684 1077 3734 vol.
1110 3684 1214 3744 XI,
1249 3701 1297 3749 p.
1332 3684 1413 3735 31.
1478 3685 1641 3735 Etiam
1674 3684 1792 3744 Dio,
1833 3701 1980 3749 quum
2015 3701 2044 3734 a
2077 3688 2282 3750 tyranno
2317 3702 2344 3733 e
2377 3685 2540 3735 Sicilia
2576 3686 2694 3749 ejec-

681 3787 759 3831 tus
792 3784 915 3831 esset
948 3782 1006 3831 ab
1039 3780 1409 3831 Atheniensibus
1441 3781 1644 3846 benigne
1679 3785 1903 3847 exceptus
1937 3785 1986 3832 et
2007 3782 2066 3831 ab
2085 3781 2306 3831 omnibus
2331 3782 2555 3831 Graeciae
2578 3781 2697 3831 civi-

681 3877 859 3927 tatibus
891 3892 1061 3941 magno
1094 3876 1273 3926 honore
1306 3880 1379 3926 est
1413 3877 1621 3931 habitus.

754 3974 805 4036 2)
840 3973 991 4023 Cuius
1023 3973 1093 4023 rei
1126 3973 1343 4023 meminit
1377 3974 1592 4038 Epistola
1625 3974 1753 4033 VII,
1785 3989 1833 4037 p.
1870 3974 1965 4024 326
1999 3974 2041 4023 B
2063 3990 2074 4017 ε
2095 3977 2262 4040 βίος..
2284 3970 2702 4024 ,Ἰταλιωτικῶν

684 4074 759 4122 καὶ
803 4074 1163 4137 Συρακοσίων
1206 4076 1510 4137 τραπεζῶν
1558 4072 1758 4139 πλήρης.
1804 4073 1853 4119 et
1907 4086 1954 4134 p.
1997 4068 2092 4117 336
2143 4068 2212 4117 D:
2261 4073 2339 4121 τὸν
2372 4074 2440 4133 μὴ
2471 4069 2702 4134 δυνάμενον

686 4169 874 4234 Δωριστὶ
912 4173 1026 4229 ζῆν.
1055 4200 1131 4229 ..,
1167 4164 1379 4217 διώκοντα
1414 4164 1562 4216 δὲ...
1595 4169 1671 4217 τὸν
1704 4169 1990 4217 Σικελικὸν
2021 4168 2166 4232 βίον.
