3025 5067
1667 371 1749 429 96

703 583 864 640 recte
929 575 1174 641 additur
1230 576 1581 659 pronomen'
1622 581 1904 637 neutrum
1964 573 2029 636 in
2075 571 2415 637 accusativo
2430 620 2450 650 ,
2495 572 2710 655 itaque

703 701 864 759 recte
924 694 1154 759 dictum
1217 700 1373 758 esset
1423 691 1450 758 ὃ
1497 695 1548 759 εἰ
1594 692 1718 771 ἕμοί
1768 693 1889 758 τότ’
1932 692 2149 757 ἐπείθου
2164 719 2183 770 3
2230 714 2353 756 non
2398 714 2537 755 vero
2583 690 2716 754 dici

702 820 903 899 potest
961 810 1026 889 ἣν
1085 814 1396 891 ὁμολογίαν
1458 814 1506 877 εἰ
1567 811 1690 891 ἐμοὶ
1750 813 1987 877 ἐπείθου.
2090 808 2439 876 Obscurum
2501 817 2715 873 autem

609 954 616 971 ·
699 940 792 996 est
806 981 825 1010 ,
902 939 1110 996 utrum
1179 930 1434 1016 scriptor
1501 926 1567 1006 ἢν
1633 930 1841 993 referri
1911 928 2172 993 voluerit
2244 928 2320 993 ad
2389 928 2715 1007 ὁμολογίαν

700 1072 779 1115 an
823 1051 900 1115 ad
942 1050 1292 1129 οἰκειότητας
1341 1055 1500 1113 certe
1544 1048 1702 1112 illud
1746 1047 1979 1129 φράζων
2020 1050 2123 1123 τὴν
2166 1047 2481 1128 οἰκειότητα
2497 1100 2516 1123 ,
2574 1068 2711 1130 quo
2808 1103 2813 1107 .

699 1168 1012 1253 emphasin
1071 1167 1289 1231 addere
1347 1166 1482 1231 vult
1528 1166 1709 1231 verbo
1753 1167 2177 1245 οἰκειωσάμενον
2193 1216 2213 1245 ,
2258 1166 2463 1251 inepte
2508 1164 2715 1251 adjec-

699 1294 836 1351 tum
901 1294 1011 1351 est.
1101 1285 1310 1350 Simile
1369 1294 1574 1349 autem
1632 1286 1850 1349 vitium
1913 1292 2023 1349 est·
2048 1284 2243 1371 Epist.
2291 1284 2385 1347 VI
2401 1334 2420 1363 ,
2470 1286 2595 1348 323
2648 1283 2714 1347 B

701 1403 784 1469 O:
855 1404 1123 1481 ξυνδῆσαι
1195 1404 1376 1469 πάλιν
1435 1406 1513 1477 εἰς
1571 1406 1675 1479 τὴν
1735 1405 2223 1486 προϋπαρχούσαν
2281 1402 2577 1487 φιλότητα
2632 1428 2713 1467 τε

697 1522 795 1588 καί
873 1523 1154 1588 κοινωνίαν
1169 1572 1187 1600 ,
1267 1518 1330 1597 ἣν
1401 1520 1537 1587 δἐι-αν
1603 1522 1709 1599 μὲν
1774 1528 2185 1605 φιλοσοφῶμεν
2250 1524 2382 1605 κτὲ,
2466 1521 2571 1586 ubi
2636 1517 2714 1597 ἣν

694 1642 839 1705 item
883 1641 1270 1712 οἰνακολούθως
1316 1647 1407 1704 est
1450 1640 1738 1725 positum.
1832 1640 2043 1704 Altera
2087 1639 2251 1705 labes
2299 1646 2391 1703 est
2435 1640 2499 1704 in
2546 1640 2706 1703 hoc:

694 1758 924 1837 βέλτιον
969 1764 1080 1824 τῶν
1125 1765 1218 1823 νῦν
1261 1758 1580 1836 γεγονότων
1626 1758 1773 1839 ἔσχε
1816 1759 1921 1823 σοί.
2012 1757 2253 1822 Tritum
2300 1766 2391 1823 est
2436 1754 2498 1823 εὖ
2538 1759 2669 1839 ἔχει
2695 1807 2717 1835 ,

699 1877 918 1941 similia
925 1903 943 1955 3
1005 1876 1128 1941 dici
1185 1877 1374 1961 igitur
1433 1883 1633 1961 potest
1691 1882 1784 1941 νῦν
1847 1876 2077 1954 βέλτιον
2138 1876 2265 1957 ἔχει
2326 1877 2358 1953 ἢ
2416 1877 2519 1957 πρὸ
2563 1882 2669 1941 τοῦ
2688 1926 2710 1954 ,

698 2017 824 2060 non
884 2018 1023 2059 vero
1083 1996 1315 2073 βέλτιον
1376 1996 1501 2075 ἔχει
1566 2000 1675 2060 τῶν
1721 1995 1995 2077 προτέρων
2041 1995 2135 2060 vel
2178 2003 2288 2061 τῶν
2332 2002 2428 2060 νῦν
2472 1992 2718 2073 γεγονό-

699 2140 810 2179 των
823 2140 842 2191 ;
888 2114 953 2177 in
999 2115 1112 2177 hac
1157 2114 1607 2177 constructione
1652 2136 1893 2177 necesse
1940 2122 2031 2178 est
2076 2113 2219 2206 addi
2254 2113 2335 2178 τοὶ
2366 2112 2713 2194 πράγματα

701 2240 764 2297 et
824 2232 1004 2297 scribi
1066 2233 1369 2317 oportuit:
1437 2232 1669 2310 βέλτιον
1728 2238 1839 2297 τῶν
1900 2240 1993 2297 νῦν
2053 2234 2373 2311 γεγονότων
2420 2234 2564 2313 ἔσχε
2606 2233 2714 2296 τὰ

699 2350 1103 2431 πράγματα
1146 2375 1229 2415 σοι
1276 2373 1406 2436 sqq.
1477 2350 1647 2415 Haec
1694 2351 1931 2435 aliaque
1976 2352 2325 2415 huiusmodi
2372 2353 2516 2415 vitia
2554 2352 2712 2417 talia

697 2476 843 2533 sunt
903 2477 976 2534 ut
1033 2469 1270 2533 facilius
1329 2469 1575 2534 librario
1636 2491 1817 2553 quam
1879 2470 2153 2555 scriptori
2211 2470 2535 2535 tribuenda
2578 2493 2715 2535 cre-

699 2585 866 2650 deres
882 2637 900 2665 ,
961 2588 1082 2650 nisi
1139 2594 1233 2651 tot
1293 2588 1522 2671 ubique
1572 2583 1873 2653 exstarent
1919 2578 2143 2653 indicia
2188 2612 2344 2673 quae
2390 2591 2710 2674 scriptoris

697 2705 794 2769 vel
862 2706 1196 2789 quaesitam
1263 2680 1696 2791 negligentiam
1766 2707 1863 2771 vel
1922 2708 2226 2773 inscitiam
2286 2715 2551 2793 arguunt
2564 2734 2582 2786 3
2650 2710 2715 2772 si

697 2832 900 2889 tamen
959 2825 1188 2913 librarii
1249 2833 1340 2889 est
1399 2826 1581 2910 culpa
1600 2875 1619 2904 ‚
1678 2825 1849 2889 locus
1894 2826 2343 2910 aliquantulum
2385 2828 2714 2913 juvaretur

699 2944 785 3009 sic
830 2944 1120 3028 legendo:
1167 2944 1370 3027 φράζω
1415 2955 1521 3021 τῆν
1565 2946 1911 3029 οἰκειότηταρ
1958 2947 2025 3010 δι’
2072 2943 2135 3021 ἣν
2178 2948 2299 3013 κτέ.

785 3064 982 3128 Priori
1059 3063 1346 3147 epistolae
1413 3065 1571 3149 parti
1641 3066 1822 3128 finem
1875 3065 2202 3149 imponunt
2268 3066 2417 3129 haec
2482 3058 2711 3144 verba',

699 3205 760 3267 p.
809 3183 935 3245 318
981 3180 1064 3245 E:
1111 3182 1276 3247 οἰλλοὶ
1320 3187 1521 3247 ταῦτα
1549 3182 1656 3261 μὲν
1698 3178 1889 3264 ταύτῃ
1930 3182 2215 3261 γενόμενα
2258 3185 2362 3258 τὴν
2414 3185 2553 3262 ἐμὴν
2596 3186 2711 3249 καὶ

702 3301 804 3374 σὺν
862 3300 1211 3381 λυκοφιλίαν
1270 3284 1396 3365 καί
1437 3302 1760 3367 ἀκοινωνίαν
1804 3301 2227 3383 οἰπειργοέσατο.
2312 3302 2711 3367 Vocabulum

694 3418 1010 3501 λυκοφιλία
1081 3420 1369 3485 flosculus
1444 3428 1539 3484 est
1613 3444 1645 3485 e
1705 3410 2042 3485 Menandro
2104 3394 2356 3485 foi-tasse
2416 3421 2663 3485 additus
2684 3473 2709 3501 ,

704 3538 880 3603 cuius
926 3539 1288 3604 versiculum
1341 3541 1575 3605 notavit
1628 3541 1841 3605 Aelius
1876 3539 2209 3625 Dionysius
2224 3591 2243 3619 ,
2291 3548 2445 3605 teste
2481 3540 2715 3605 Eusta-

695 3656 857 3721 thio:
928 3658 1094 3737 παρὰ
1150 3659 1329 3739 Αἰλίῳ
1391 3660 1661 3741 Διονυσίῳ
1706 3668 1893 3724 κεῖται
1938 3659 2003 3724 τὸ
2047 3660 2515 3741 λυκοφιλίως,
2560 3661 2705 3727 οἰντὶ

693 3781 795 3840 τοῦ
851 3776 1153 3855 ὑπόπτως,
1203 3776 1488 3864 ὑπούλως,
1547 3774 1607 3851 ὃς
1661 3778 1819 3860 φέρει
1864 3778 1963 3843 καί
2010 3778 2335 3861 Μενάνδρου
2377 3786 2580 3861 χρῆσιν
2624 3778 2707 3863 (l.

695 3890 868 3979 ῥῆσιν)
912 3892 1130 3968 ταύτην
1148 3913 1162 3931 ·
1213 3897 1582 3977 ,,λυκοφίλιοι
1631 3896 1737 3974 μέν
1782 3898 1918 3961 εἰσιν
1962 3898 2026 3961 αἱ
2072 3898 2463 3975 διαλλαγαί.”
2522 3896 2700 3982 (Vid.

693 4012 990 4077 Meinekii
1033 4012 1258 4079 Comic.
1307 4014 1517 4099 fragm.
1566 4015 1683 4079 vol.
1732 4014 1843 4093 IV,
1892 4037 1951 4099 p.
1981 4018 2060 4081 27
2069 4018 2150 4101 9).
2212 4016 2398 4097 Quod
2419 4015 2708 4081 Platonis

695 4130 874 4195 verba
919 4131 1131 4196 Aelius
1176 4155 1298 4197 non
1337 4134 1572 4212 attulit,
1614 4132 1755 4233 inde
1796 4133 1947 4198 effici
1978 4134 2166 4199 nolim
2198 4134 2511 4219 epistolam
2536 4134 2705 4200 hanc
