3025 5067
1297 452 1416 512 149

343 653 470 729 IV,
535 678 592 740 p.
664 658 785 720 ‘109
845 656 1073 734 B-Pl,
1135 659 1257 720 719
1317 659 1372 720 A
1426 657 1494 720 C.
1590 658 1760 737 Quid
1808 667 2011 722 autem
2058 658 2176 723 sibi
2221 658 2355 723 vult

337 772 501 836 illud
567 773 876 855 μυριάνδρῳ
942 775 1152 839 ντόλεειῑ>
1240 775 1434 854 Quasi
1495 775 1596 839 hic
1659 784 1873 861 agatur
1920 777 1993 840 de
2040 776 2353 841 condenda

337 913 500 955 nova
543 892 784 956 civitate
800 942 818 970 ,
868 892 1105 976 qualem
1152 893 1329 957 Plato
1374 895 1436 957 in
1485 893 1822 979 Republica
1852 896 2051 973 finxit,
2085 896 2193 959 ubi
2229 894 2355 957 lici—

337 1019 474 1076 tum
513 1020 744 1077 certum
787 1013 1122 1077 incolarum
1155 1035 1476 1078 numerum
1508 1014 1790 1093 definire,
1841 1014 2020 1079 sicuti
2052 1015 2128 1078 de
2156 1013 2349 1098 Legg.

341 1130 433 1209 V,
496 1154 552 1216 p.
591 1133 741 1197 ³137
764 1181 782 1209 ,
844 1133 1101 1217 exempli
1148 1134 1342 1218 gratia
1386 1156 1604 1198 novam
1651 1135 1955 1198 civitatem
2002 1133 2178 1218 fingit
2224 1158 2356 1197 πεν-

335 1251 718 1331 τακισχιλίων
759 1252 856 1315 καὶ
907 1252 1344 1333 τετταράκοντα
1391 1253 1728 1318 hominum.
1780 1255 1863 1316 At
1910 1254 2113 1338 agitur
2159 1251 2233 1316 de
2265 1274 2355 1315 or·

336 1369 606 1434 dinanda
627 1369 940 1456 republica
961 1366 1300 1455 Syracusis,
1330 1372 1652 1455 Agrigenti
1674 1372 1861 1455 inque
1884 1372 2097 1436 ceteris
2116 1370 2353 1434 Siciliae

331 1487 624 1566 urbibuS,
689 1511 845 1573 quae
903 1490 1178 1574 singulae
1225 1489 1450 1554 multas
1497 1489 1781 1571 μυριάδας
1830 1490 2170 1554 incolarum
2218 1510 2355 1554 con·

327 1606 628 1672 tinebant.
721 1607 797 1671 Id
817 1589 823 1596 ⁸
843 1608 1028 1692 igitur
1075 1607 1256 1694 plane
1301 1609 1597 1673 absonum
1644 1617 1754 1672 est.
1842 1607 2152 1674 Numerus
2197 1609 2355 1688 μυρί-

329 1726 523 1805 ανδρος
591 1726 784 1791 faetus
802 1776 819 1804 ,
893 1728 1138 1812 opinor,
1210 1727 1286 1791 ad
1378 1727 1844 1792 similitudinem
1913 1729 2042 1792 eius
2112 1728 2220 1812 qui
2287 1728 2351 1791 in

325 1844 592 1909 Politico
638 1845 855 1922 datur,
905 1860 964 1930 p.
1016 1847 1141 1909 292
1193 1845 1244 1908 E
1263 1895 1280 1923 ,
1309 1845 1415 1910 ubi
1439 1845 1713 1910 Socrates
1747 1846 2017 1930 quaerit:
2065 1848 2205 1910 ἀλλ’
2237 1840 2351 1927 ἆρα

326 1965 386 2028 ἐν
429 1963 738 2046 χιλιαένδρῳ
791 1963 953 2029 πόλει
1000 1965 1236 2030 δυνατὸν
1284 1965 1484 2029 ἑκατόν
1544 1989 1705 2036 τινας
1769 1965 1800 2040 ἢ
1849 1966 1947 2029 καὶ
1994 1967 2351 2040 πεντήκοντα

327 2085 509 2158 αὐτὴν
581 2082 918 2166 (scientiam
996 2083 1330 2169 politicam)
1398 2085 1604 2155 ἱκανῶς
1686 2084 2011 2159 κτήσασθαι
2027 2111 2048 2161 3
2142 2083 2352 2164 Quum

326 2201 656 2282 χιλίανδρος
720 2203 887 2271 πόλις
951 2211 1162 2264 nostro
1225 2201 1502 2286 scriptori
1565 2225 1781 2288 parum
1840 2201 2143 2266 sufficiens
2191 2201 2353 2266 vide-

327 2329 533 2398 retur,
596 2319 771 2384 finxit
830 2321 1176 2400 μυρίανδρον.
1285 2319 1571 2385 Ceterum
1634 2320 1841 2386 eadem
1921 2343 2077 2405 quae
2121 2321 2223 2384 hic
2271 2321 2352 2385 le-

327 2446 566 2523 guntur
643 2429 895 2502 consilia
960 2438 1202 2523 plenius
1249 2447 1310 2503 et
1369 2439 1748 2504 enucleatius
1808 2448 2221 2504 memorantur
2282 2440 2350 2504 in

325 2557 527 2644 Epist.
574 2556 772 2636 VIII,
820 2581 879 2643 p.
929 2559 1094 2636 3563
1143 2558 1218 2622 de
1264 2558 1488 2643 quibus
1537 2558 1693 2622 infra
1736 2558 1913 2623 nobis
1967 2559 2083 2623 erit
2123 2558 2344 2644 agendi

325 2678 522 2741 locuS.

418 2793 738 2860 Praeterea
794 2797 860 2860 in
920 2796 1180 2881 legenda
1239 2796 1352 2860 hac
1415 2795 1673 2882 epistola
1728 2796 1883 2860 illud
1947 2818 2189 2881 quoque
2235 2818 2349 2862 nos

327 2915 588 2980 offendit
603 2965 622 2993 ,
685 2915 852 3000 quod
895 2915 1073 2980 Plato
1119 2916 1185 2980 in
1232 2915 1401 2980 omni
1446 2915 1805 2980 commercio
1854 2937 1993 2980 cum
2056 2916 2349 3001 Dionysio

325 3035 521 3119 magis
582 3042 1034 3119 procuratorem
1097 3034 1314 3098 Dionis
1384 3056 1569 3118 quam
1630 3033 2053 3119 philosophiae
2114 3034 2346 3098 antisti·

328 3159 458 3216 tem
503 3152 665 3237 agit;
723 3153 811 3217 ita
857 3152 1157 3217 sollicitus
1205 3159 1297 3216 est
1345 3150 1419 3216 de
1465 3152 1880 3237 recuperanda
1928 3152 2109 3217 huius
2154 3174 2220 3216 re
2268 3153 2350 3215 fa-
2458 3157 2468 3166 '

327 3270 587 3349 miliari,
648 3278 720 3334 ut
764 3271 1245 3358 philosophiam,
1293 3272 1469 3336 cuius
1517 3272 1714 3356 gratia
1758 3271 2144 3356 potissimum
2190 3271 2350 3335 illud

326 3390 450 3454 iter
493 3395 854 3474 susceperat,
903 3410 1092 3474 paene
1139 3388 1367 3453 oblitus
1421 3388 1717 3452 videatur.
1811 3375 2009 3453 Omne
2050 3389 2172 3454 fere
2204 3398 2351 3454 tem-

328 3529 450 3593 pus
500 3505 721 3571 teritur
758 3507 979 3592 jurgiis
1026 3517 1088 3571 et
1132 3506 1402 3571 discidiis
1418 3556 1436 3584 ,
1502 3529 1658 3590 quae
1704 3507 2080 3592 gravioribus
2132 3530 2349 3571 sermo·

325 3623 515 3688 nibus
581 3623 825 3688 nullum
893 3623 1250 3708 relinquunt
1317 3624 1541 3688 locum.
1651 3622 1823 3688 Num
1890 3624 2007 3688 hoc
2074 3624 2350 3689 Platonis

326 3765 623 3829 personae
670 3752 731 3808 et
773 3743 1046 3807 moribus
1093 3742 1611 3807 consentaneum?
1677 3741 1847 3808 Num
1896 3743 2181 3808 credibile
2215 3767 2349 3809 eum

327 3860 518 3924 semel
563 3861 908 3944 iterumque
956 3867 1048 3924 tot
1079 3883 1314 3925 menses
1346 3861 1412 3924 in
1443 3860 1798 3925 huiusmodi
1829 3861 2085 3925 miseriis
2119 3862 2348 3926 bonum

327 3953 528 4043 otium
574 3979 823 4064 perdere
869 3978 1178 4045 voluisse?

423 4216 592 4281 Haec
652 4216 728 4281 de
787 4216 1062 4281 Platonis
1121 4217 1442 4284 itineribus
1502 4219 1566 4283 in
1628 4216 1896 4283 Siciliam
1955 4218 2153 4305 deque
2212 4219 2342 4286 eius
