3025 5067
1269 398 1346 461 77

290 602 662 670 ἀναπτέσθαι
686 626 704 642 ·
755 606 784 670 o‘
845 604 902 671 δὲ
963 604 1300 689 (Διονύσιος)
1361 574 1879 686 διοομηχοινώμενος
1936 608 2071 671 τίνοι
2112 605 2319 686 τρόπον

288 724 648 802 ἀνασοβήσοι
696 748 775 803 με
815 724 990 801 μηδὲν
1034 724 1282 796 ἀποδοὺς
1327 730 1440 789 τῶν
1485 725 1712 809 Δίωνος.

387 842 601 929 Imago
663 844 787 907 avis
847 844 914 907 in
975 865 1158 908 cavea
1217 843 1490 909 inclusae
1558 866 1708 908 num
1754 843 1855 908 hie
1898 865 2189 930 personae
2235 843 2317 907 sit

292 962 446 1025 satis
507 962 871 1027 conveniens
917 962 1156 1027 dubito,
1249 962 1452 1027 Petita
1495 970 1589 1027 est
1636 985 1669 1027 e
1712 962 1992 1027 Phaedro
2008 1012 2026 1041 ,
2075 985 2134 1047 p.
2185 963 2313 1025 249

293 1080 356 1143 D
373 1130 396 1159 ,
452 1080 562 1145 ubi
605 1082 834 1161 anima,
883 1104 1040 1166 quae
1086 1105 1119 1146 e
1163 1082 1339 1145 terris
1385 1081 1463 1145 ad
1509 1081 1795 1147 coelestia
1826 1081 2062 1146 evolare
2093 1082 2319 1145 frustra

295 1200 506 1285 cupit,
569 1200 796 1265 dicitur
855 1200 1048 1280 ὅρνιθος
1109 1201 1264 1276 δίκην
1317 1200 1563 1278 βλέπειν
1612 1199 1762 1265 duco:
1810 1200 2024 1286 pulcre
2068 1222 2213 1265 sane
2260 1207 2321 1263 et

295 1326 462 1404 apte.
532 1318 882 1383 Parechesis
929 1322 1106 1383 ποθῶν
1151 1319 1314 1384 ποθὲν
1343 1318 1578 1383 redolet
1606 1320 1964 1384 facetiarum
1995 1342 2317 1406 aucupem.

295 1437 578 1503 Verbum
607 1440 918 1517 ἆνοισοβεῖν
951 1438 1254 1523 significat
1265 1440 1452 1526 feras
1475 1439 1571 1504 vel
1594 1462 1727 1503 aves
1754 1441 1908 1503 cccci
1921 1416 2035 1503 ere
2064 1438 2321 1525 (belgice

293 1558 583 1642 opjaqen).
673 1554 852 1641 Lysis
898 1580 958 1641 p.
1009 1559 1138 1621 206
1187 1558 1277 1621 A:
1328 1558 1484 1630 ποῖός
1530 1582 1619 1629 τις
1668 1554 1759 1623 οὖν
1804 1556 1877 1623 ἄν
1924 1581 2009 1623 σοι
2056 1558 2207 1623 δοκοῖ
2233 1559 2323 1633 θη-

291 1678 500 1756 ρευτὴς
531 1672 674 1742 εἶναι
692 1726 710 1753 ,
743 1678 790 1741 εἰ
820 1676 1109 1752 ἀνασοβοῖ
1125 1676 1360 1756 θηρεύων
1383 1675 1482 1741 καὶ
1507 1676 1981 1757 δυσκλωτοτέροον
2003 1678 2107 1752 τὴν
2130 1674 2324 1759 ἄγραν

295 1802 472 1859 ποιοῖ.
563 1794 684 1859 Hic
730 1817 870 1859 vero
917 1818 1130 1859 sensus
1162 1794 1436 1880 postulat
1467 1796 1663 1881 accipi
1691 1817 1803 1880 pro
1834 1798 2067 1861 avolare
2095 1795 2323 1879 cupien-

295 1920 416 1977 tem
445 1916 800 1990 retinerem
830 1914 1008 1978 cuius
1045 1913 1504 1998 significationis
1530 1912 1747 1978 dubito
1769 1937 1915 1979 num
1944 1914 2108 1999 apud
2133 1914 2325 1979 bonos

296 2026 630 2117 scriptores
693 2032 1036 2118 exemplum
1096 2032 1462 2097 inveniatur.
1556 2031 1829 2118 Scriptor
1889 2032 1989 2096 hic
2048 2033 2327 2105 similit-er

295 2151 516 2235 lapsus
570 2150 814 2215 videtur
858 2159 930 2216 ut
976 2173 1163 2236 supra
1207 2152 1272 2215 in
1318 2145 1501 2215 verbo
1549 2151 1868 2229 ἐποινοὶγειν
1915 2154 1998 2238 (p.
2048 2154 2175 2216 325
2225 2154 2324 2237 A).

397 2268 578 2333 Brevi
655 2278 796 2355 post
864 2270 1131 2355 erumpit
1196 2270 1709 2335 mercenariorum
1786 2270 2041 2349 sediti03
2120 2292 2327 2335 rumor

317 2389 633 2473 spargitur
678 2411 810 2452 eam
857 2388 1222 2453 concitatam
1269 2410 1398 2452 esse
1445 2388 1521 2453 ab
1568 2387 1925 2468 Heraclide,
1958 2412 2085 2454 uno
2119 2412 2150 2453 e
2184 2389 2329 2453 belli

301 2506 572 2571 ducibus
587 2533 607 2586 3
641 2507 740 2571 hic
772 2506 1041 2571 occultat
1071 2529 1168 2570 se:
1215 2507 1591 2588 Ἡρακλείδης
1626 2508 1924 2573 ἐκποδὼν
1956 2508 2129 2573 αὑτὸν
2153 2508 2329 2588 ἔσχεν

301 2626 552 2709 ἀφανῆ
584 2627 852 2709 (notetur
888 2625 1278 2711 tautologia);
1311 2626 1648 2711 Dionysius
1679 2628 1916 2713 exquiri
1948 2650 2089 2691 eum
2114 2627 2327 2712 jubet3

303 2746 534 2826 ἀπορῶν
567 2746 626 2809 δὲ
651 2744 984 2830 (Διονύσιος)
1017 2745 1293 2822 Θεοδότην
1317 2744 1872 2827 μεταπεμψάμενος
1896 2748 1975 2819 εἰς
1998 2746 2096 2811 τὸν
2118 2755 2325 2820 κῆπον·

305 2864 524 2944 ἔτυχον
562 2865 610 2928 δ’
644 2866 701 2928 ἐν
737 2868 820 2946 τῷ
856 2866 1020 2946 κήπῳ
1061 2867 1226 2942 κοὶγὼ
1258 2864 1394 2930 τότε
1417 2872 1749 2946 περιπατῶν
1769 2886 1783 2900 ·
1809 2866 1890 2930 τὰ
1914 2868 2020 2944 μὲν
2044 2863 2136 2931 οὖν
2165 2866 2333 2931 ἄλλοι

304 2982 433 3048 οὔτ’
453 2979 580 3048 οἷδοι
609 2983 729 3049 οὔτ’
757 2984 950 3060 ἤκουον
981 2984 1400 3062 διαλεγομένων
1423 3034 1443 3064 ,
1481 2984 1527 3049 ἃ
1560 2985 1609 3049 δ’
1630 2986 1877 3051 ἐναντίον
1900 2982 2028 3050 εἶπε
2053 2985 2329 3060 Θεοδότης

307 3102 454 3177 ἐμοῦ
493 3104 629 3181 πρὸς
669 3104 954 3169 Διονύσιον
980 3099 1110 3167 οἷδοὶ
1141 3127 1210 3168 τε
1239 3104 1336 3168 xx}
1369 3103 1697 3181 μέμνημαι.
1746 3100 2015 3167 Notetur
2046 3104 2113 3167 in
2142 3109 2336 3167 trans-

307 3221 408 3285 itu
439 3221 852 3286 anacoluthon
887 3222 1063 3287 valde
1093 3222 1318 3286 durum
1332 3270 1352 3300 ‚
1387 3221 1553 3306 quod
1586 3229 1791 3287 tamen
1824 3222 2102 3307 scriptori
2126 3229 2335 3286 nostro

310 3340 559 3425 elegans
604 3342 802 3407 visum
850 3349 974 3405 estz
1022 3349 1162 3427 post
1207 3342 1600 3428 participium
1640 3340 2191 3422 μεταπεμψάμενος
2228 3350 2337 3405 aut

311 3460 569 3525 verbum
597 3461 1020 3547 requirebatur
1051 3460 1342 3538 διελέγετο
1381 3463 1563 3543 αὐτῷ,
1590 3468 1698 3526 aut
1720 3460 2025 3548 participii
2045 3460 2181 3524 loco
2204 3481 2339 3545 pos-

311 3580 632 3645 tulabatur
678 3580 930 3645 verbum
975 3580 1219 3645 finitum
1251 3580 1708 3661 μετεπέμψοιτο.
1804 3578 2113 3664 Colloquii
2159 3601 2339 3643 scena

313 3705 408 3762 est
469 3700 526 3763 ἕν
586 3700 668 3780 τῷ
724 3699 920 3779 κήπῳ,
968 3698 1130 3762 sicut
1172 3698 1237 3762 in
1283 3696 1563 3782 Epistola
1608 3696 1747 3776 III,
1796 3722 1855 3783 p.
1907 3700 2033 3761 319
2086 3698 2176 3775 A,
2226 3697 2337 3762 ubi

313 3816 514 3881 simile
563 3817 840 3903 jurgium
886 3816 1006 3881 alia
1049 3817 1126 3883 de
1172 3839 1238 3881 re
1277 3824 1338 3881 et
1369 3838 1573 3881 coram
1622 3816 1755 3880 aliis
1802 3816 2062 3881 testibus
2110 3816 2341 3880 drama-

309 3938 433 4000 tice
496 3937 880 4022 proponitur.
974 3935 1152 3999 Plato
1205 3936 1360 3999 forte
1417 3935 1503 4000 ibi
1564 3934 1883 3999 ambulans
1928 3934 2095 3998 videt
2140 3941 2341 4019 tyran-

310 4078 467 4119 num
529 4078 672 4119 cum
716 4055 1030 4121 Theodote
1076 4032 1527 4141 colloquentem
1544 4105 1563 4133 ‚
1614 4055 1721 4119 sed
1765 4075 1891 4119 non
1922 4054 2096 4118 audit
2129 4076 2338 4117 eorum
2402 4132 2417 4147 „

310 4198 691 4240 sermonem:
771 4197 974 4260 „quae
1033 4198 1174 4239 vero
1237 4197 1435 4239 coram
1511 4197 1635 4252 me,
1698 4174 1935 4257 inquit,
1998 4172 2341 4237 Theodotes
