3025 5067
1700 377 1815 437 192,

751 593 948 662 certa,
995 585 1111 648 hoc
1157 606 1351 648 unum
1399 589 1634 647 certum
1680 605 1811 646 esse
1848 590 1909 648 et
1955 581 2171 647 stabile
2218 583 2401 647 dicit:
2427 586 2491 648 οὐ
2513 585 2637 665 γὰρ
2660 635 2675 658 ,
2703 583 2783 648 ἂν

751 705 965 770 τούτων
1001 704 1087 782 μή
1123 727 1211 776 τις
1244 703 1325 768 τοὶ
1374 701 1633 783 τέτταρα
1677 701 1842 784 λώβη
1883 701 2253 780 ἁμωσγέπως
2270 753 2284 778 ,
2333 702 2541 766 οὔποτε
2562 704 2784 775 τελέως

751 824 1079 900 ἐπιστήμης
1139 827 1240 888 τοῦ
1299 819 1575 899 πέμπτου
1630 819 1886 900 μέτοχος
1946 821 2133 898 ἔσται.
2234 819 2317 884 Et
2375 821 2560 906 paulo
2626 822 2788 884 infe-

751 943 913 1007 rius:
983 941 1176 1020 μύριος
1246 939 1305 1004 δὲ
1371 938 1549 1016 λόγος
1616 935 1693 1003 αὖ
1752 940 1876 1020 περὶ
1924 939 2171 1004 ἕκαστον
2210 945 2320 1004 τῶν
2367 939 2657 1019 τεττοὶρων
2706 943 2788 1012 ὡς

749 1059 1007 1143 ἀσαφές.
1101 1059 1266 1143 Ergo
1328 1059 1659 1136 ἐπιστήμην
1720 1057 1901 1121 modo
1963 1059 2045 1140 τῷ
2096 1057 2211 1123 ὄντι
2228 1110 2247 1134 ,
2310 1058 2371 1122 h.
2434 1081 2486 1122 e.
2534 1059 2791 1122 veritati

751 1188 1072 1264 cognatam
1119 1177 1297 1254 dicit,
1345 1176 1529 1264 modo
1580 1184 1940 1242 annumerat
1987 1177 2063 1241 iis
2110 1199 2267 1262 quae
2315 1179 2544 1242 incerta
2576 1188 2635 1242 et
2668 1179 2789 1242 fal-

751 1297 905 1362 lacia
951 1304 1115 1361 sunt.
1209 1295 1378 1384 Haec
1425 1295 1576 1361 adeo
1622 1296 1869 1361 turbata
1915 1304 2094 1374 sunt,
2144 1303 2216 1360 ut
2248 1297 2507 1382 scriptor
2536 1298 2791 1360 nescire

751 1416 1029 1480 videatur
1077 1414 1226 1498 quid
1274 1414 1474 1491 dicat3
1524 1423 1775 1499 apparet
1822 1437 1957 1497 eum
2007 1417 2331 1492 ἐπιστήμην
2371 1416 2684 1501 vulgarem
2722 1425 2790 1478 et

749 1537 852 1610 την
896 1537 1082 1611 οέληθῆ
1131 1516 1457 1612 ἐπιστήμην
1505 1533 1873 1598 confudisse.

840 1653 1043 1733 Quam
1109 1653 1289 1736 longe
1343 1652 1491 1716 haee
1556 1652 1787 1716 distant
1848 1675 1883 1714 a
1943 1651 2219 1716 Platonis
2268 1651 2561 1716 doctrina.
2648 1651 2788 1716 Hic

750 1795 844 1836 res
891 1773 1199 1837 universas
1249 1771 1576 1856 distinguit
1624 1771 1687 1834 in
1734 1769 1858 1834 duo
1904 1793 2125 1854 genera
2141 1820 2159 1848 ,
2200 1773 2305 1846 την
2343 1772 2537 1836 οὐσίαν
2578 1779 2637 1834 et
2670 1774 2788 1847 την

749 1893 1001 1973 γένεσιν,
1052 1913 1315 1974 quorum
1357 1889 1505 1953 haec
1532 1912 1627 1952 res
1662 1898 1977 1973 generatas
2012 1900 2072 1952 et
2104 1889 2298 1953 fluxas
2347 1891 2449 1974 (τοὶ
2486 1891 2746 1964 αἰσθητοὶ
2766 1941 2783 1971 ,

749 2012 831 2076 τοὶ
876 2011 1183 2094 ὁρώμενα),
1221 2009 1329 2073 illa
1376 2015 1651 2072 aeternas
1698 2022 1757 2071 et
1805 2003 2051 2072 stabiles
2099 2009 2201 2092 (τοὶ
2249 2007 2421 2084 νοητοὶ
2439 2059 2457 2090 ,
2504 2010 2584 2073 τα
2624 2009 2786 2072 νοού-

749 2132 924 2213 μενα)
988 2127 1438 2212 complectitur.
1489 2125 1712 2190 Rerum
1766 2126 2069 2203 fluxarum
2116 2126 2384 2210 cognitio
2398 2174 2417 2203 ,
2458 2129 2611 2210 quae
2641 2150 2786 2189 sen-

753 2271 930 2311 suum
1008 2269 1120 2332 ope
1139 2279 1148 2284 ·
1166 2246 1435 2332 paritur,
1492 2244 1836 2330 appellatur
1896 2243 2060 2320 δόξα,
2108 2267 2262 2328 quae
2325 2267 2513 2328 aeque
2558 2267 2627 2308 ac
2675 2269 2781 2308 res

753 2365 829 2429 ad
876 2387 1026 2448 quas
1073 2364 1338 2450 pertinet
1396 2385 1611 2427 manca
1656 2371 1748 2426 est
1804 2370 1863 2426 et
1894 2363 2127 2426 incerta
2142 2389 2161 2440 3
2195 2364 2471 2448 opposita
2504 2363 2643 2427 huic
2682 2373 2782 2427 est

750 2486 1041 2562 ἐπιστήμη
1059 2533 1078 2561 ,
1128 2483 1381 2546 scientia
1425 2504 1630 2546 rerum
1685 2492 1841 2566 quae
1894 2491 2101 2546 mente
2134 2482 2780 2567 comprehenduntur:

749 2602 927 2680 haec,
975 2609 1048 2665 ut
1091 2602 1255 2666 οὐσία
1300 2601 1465 2686 ipsa,
1515 2602 1687 2666 firma
1729 2609 1797 2664 et
1818 2623 1959 2664 vera
1992 2610 2101 2665 est.
2150 2600 2249 2664 Sic
2273 2623 2428 2685 quae
2460 2611 2666 2666 noster
2704 2613 2781 2665 ut

750 2720 972 2784 similia
1019 2719 1224 2804 ponit,
1276 2721 1569 2804 ἐπιστήμη
1590 2771 1608 2794 ,
1658 2726 1784 2791 νοῦς
1832 2731 1894 2783 et
1938 2722 2153 2794 ἀληθὴς
2180 2719 2338 2816 δόξα,
2373 2719 2538 2804 apud
2567 2719 2780 2783 Plato-

749 2863 887 2904 nem
933 2840 1213 2924 opposita
1251 2838 1367 2902 sibi
1407 2847 1555 2902 sunt
1590 2851 1650 2902 et
1684 2839 2005 2902 contraria.
2056 2837 2195 2924 Ipse
2224 2839 2288 2902 in
2312 2838 2677 2917 Theaetet0‚
2710 2864 2775 2924 p.

751 2960 876 3021 261
928 2957 1008 3036 C,
1056 2958 1281 3022 refutat
1327 2979 1462 3035 e05,
1513 2958 1622 3041 qui
1668 2957 2023 3021 statuebant
2069 2958 2394 3036 ἐπιστήμην
2428 2980 2555 3021 esse
2577 2959 2777 3033 οἷληθῆ

736 3075 915 3152 ,δόξαν
961 3077 1120 3154 μετὰ
1166 3076 1378 3153 λόγου,
1429 3085 1489 3169 et
1535 3074 1609 3139 de
1642 3057 1849 3139 eadem
1883 3075 2239 3159 quaestione
2270 3076 2557 3140 classicus
2590 3075 2772 3140 locus

747 3203 840 3258 est
897 3195 961 3257 in
1021 3192 1303 3271 Timaeo,
1364 3216 1422 3277 p.
1484 3195 1563 3255 51
1640 3193 1697 3255 D
1744 3192 1832 3270 E,
1881 3193 1990 3258 ubi
2038 3193 2281 3258 disertis
2329 3194 2527 3258 verbis
2574 3193 2772 3272 dicit,

745 3312 923 3376 ambo
969 3310 1076 3374 illa
1121 3311 1356 3374 diversa
1402 3333 1531 3374 esse
1577 3319 1637 3374 et
1676 3309 2032 3375 dissimilia:
2074 3311 2168 3377 δύο
2193 3313 2257 3387 δη
2281 3313 2512 3378 λεκτέον
2536 3313 2770 3395 ἐκείνω,

743 3431 880 3497 διότι
926 3429 1104 3526 χωρὶς
1151 3430 1471 3508 γεγόνατον
1516 3431 1795 3508 ἀνομοίως
1841 3433 1897 3495 τ’
1919 3431 2143 3510 ἔχετον.
2225 3430 2507 3496 Forsitan
2552 3439 2775 3494 noster

744 3549 820 3612 ad
912 3549 1061 3612 haec
1118 3547 1551 3634 conjungenda
1611 3547 1835 3611 ductus
1899 3555 1991 3612 est
2056 3548 2190 3611 loco
2252 3548 2328 3612 de
2386 3549 2576 3634 Legg.
2652 3549 2769 3628 Π,

739 3691 800 3754 p.
851 3670 975 3731 653
1025 3669 1110 3730 A:
1159 3651 1426 3748 φρόνησιν
1473 3669 1532 3730 δὲ
1578 3668 1679 3732 καὶ
1729 3669 1963 3743 οὶληθεῖς
2008 3665 2179 3745 δόξας
2225 3668 2543 3747 βεβαίους,
2589 3671 2763 3734 εὐτυ-

733 3789 852 3868 χὴς
899 3787 1008 3867 ὅτῳ
1042 3787 1140 3851 καὶ
1181 3787 1316 3866 πρὸς
1351 3789 1417 3851 τὸ
1448 3793 1635 3868 γῆρας
1668 3786 2019 3866 παρεγένετο
2040 3837 2059 3871 ,
2094 3787 2261 3872 quod
2288 3787 2521 3851 dietum
2544 3788 2768 3852 retulit

735 3905 945 3970 Cicero
1006 3906 1083 3969 de
1159 3905 1294 3970 Fin.
1369 3904 1425 3967 V
1445 3955 1464 3984 ,
1531 3909 1649 3970 21:
1714 3906 2072 3984 „Praeclare
2137 3907 2297 3970 enim
2342 3906 2555 3970 Plato:
2604 3907 2765 3970 Bea-

735 4031 884 4100 tum,
933 4024 1030 4088 eui
1075 4025 1246 4088 etiam
1291 4025 1354 4086 in
1397 4030 1681 4088 senectute
1722 4024 2023 4106 eontiyerit
2065 4031 2131 4088 ut
2184 4027 2527 4108 sapientiam
2569 4047 2761 4088 vera-s·-

735 4165 844 4228 que
910 4143 1204 4224 opiniones
1249 4143 1478 4228 assequi
1511 4142 1767 4224 poscit.”
1858 4145 1944 4207 At
1990 4143 2167 4206 Plato
2215 4143 2312 4234 hic
2359 4144 2634 4227 loquitur
2679 4166 2755 4205 ex
