3025 5067
1652 433 1771 493 138

709 644 825 708 τοῖς
885 639 1121 708 ναύταις
1181 637 1510 717 κομίζοντας
1560 639 1731 702 αὐτὸν
1784 640 2017 702 ἐκθεῖναι
2080 639 2214 716 πρὸς
2276 640 2375 712 τὴν
2420 638 2701 702 Ἰταλίαν.

709 755 804 818 Ab
865 756 978 819 hoc
1037 779 1175 819 vero
1235 756 1614 839 aliquantum
1678 755 1979 841 discrepat
2022 754 2229 840 Nepos
2278 777 2328 820 o.
2378 759 2452 833 4,
2482 751 2489 756 ’
2516 779 2701 838 quem

709 858 1043 957 Ephorum·
1075 881 1376 938 auctorem
1439 872 1723 938 habuisse
1784 874 1995 952 cred0,
2059 875 2263 938 dicens
2326 897 2581 952 „navem
2642 875 2703 936 ei

707 993 1030 1069 „ia-immam
1076 991 1276 1070 dedit,
1311 1015 1431 1076 qua
1462 992 1825 1056 Corinthum
1856 992 2247 1056 deveheretur
2264 993 2324 1070 ,”
2358 1001 2417 1056 et
2442 992 2661 1056 deinde
2678 1041 2699 1070 ,

705 1111 951 1188 „omnia
975 1108 1164 1195 'quae
1215 1112 1439 1175 moveri
1483 1118 1761 1197 poterant
1806 1111 2020 1176 Dionis
2066 1112 2129 1176 in
2177 1134 2356 1175 naves
2402 1112 2701 1196 imposuit

709 1228 784 1291 ad
845 1251 1102 1312 eumque
1160 1229 1384 1293 misit.”
1468 1229 1587 1292 Oui
1631 1230 1959 1294 narrationi
2004 1229 2165 1293 haud
2216 1231 2339 1293 scio
2380 1253 2453 1293 an
2492 1231 2701 1314 potius

705 1345 982 1410 habenda
1025 1348 1104 1410 sit
1147 1348 1327 1425 fides,
1383 1370 1573 1430 quum
1619 1355 1854 1411 constet
1898 1348 2211 1411 Timaeum
2257 1348 2561 1432 Dionysiis
2606 1348 2700 1411 in-

706 1466 1092 1530 festissimum
1145 1466 1331 1530 fuisse
1377 1475 1438 1530 et
1476 1467 1755 1531 lubenter
1786 1467 2118 1550 quamlibet
2148 1467 2519 1530 occasionem
2553 1467 2700 1530 arri*-

705 1584 908 1669 puisse
937 1591 1009 1647 ut
1039 1584 1280 1648 illorum
1309 1584 1502 1649 famae
1530 1591 1791 1648 noceret.
1840 1585 2154 1648 Praeterea
2176 1585 2504 1668 Dionysius
2530 1585 2701 1647 misit

705 1703 892 1765 Dioni
952 1703 1275 1786 quotannis
1319 1702 1551 1766 reditus
1600 1702 1925 1766 fundorum
1971 1711 2031 1765 et
2077 1725 2389 1786 agrorum,
2440 1711 2510 1766 ut
2554 1702 2700 1766 Plu-

705 1820 949 1884 tarchus
981 1820 1208 1899 scribit,
1242 1843 1293 1884 c.
1333 1823 1410 1883 16
1443 1827 1625 1898 extr„
1652 1820 1814 1903 quod
1846 1819 2100 1884 affirmat
2128 1820 2435 1904 Epistola,
2468 1844 2526 1904 p.
2560 1823 2693 1883 345

707 1938 788 2018 C,
837 1948 897 2003 et
941 1939 1148 2004 exsilio
1194 1962 1414 2004 nomen
1461 1939 1797 2024 praetexuit
1840 1937 2292 2016 μεταστάσεως,
2340 1962 2398 2024 p.
2450 1941 2573 2001 338
2614 1939 2696 2001 A.

709 2057 1026 2122 Traditum
1072 2066 1162 2122 est
1206 2080 1450 2142 quoque
1496 2081 1532 2120 a
1571 2035 1900 2120 Plutarcho
1931 2059 2003 2141 (c.
2045 2059 2166 2141 13),
2202 2057 2394 2141 primo
2425 2056 2701 2120 Platonis

705 2178 968 2243 adventu
1027 2178 1389 2263 Dionysium
1449 2177 1789 2242 incredibili
1850 2179 2129 2261 flagrasse
2174 2176 2443 2240 discendi
2490 2175 2698 2238 studio

705 2321 894 2382 eoque
955 2299 1274 2362 maximam
1331 2299 1394 2361 in
1458 2297 1597 2362 aula
1656 2299 1873 2361 factam
1935 2319 2061 2360 esse
2114 2317 2315 2362 rerum
2369 2300 2701 2363 commuta-

709 2417 936 2482 tionem
953 2467 970 2494 ,
1042 2439 1230 2500 quum
1247 2466 1266 2495 ,
1322 2417 1567 2480 remotis
1614 2415 1845 2479 deliciis
1892 2421 1951 2478 et
1997 2413 2412 2498 voluptatibus
2430 2463 2448 2491 ,
2495 2413 2702 2476 omnia

705 2534 881 2598 docto
927 2534 1172 2618 pulvere
1216 2555 1334 2618 opp
1348 2534 1470 2598 leta
1517 2539 1733 2597 essent.
1764 2533 1809 2616 1)
1856 2532 2133 2617 Epistola
2176 2533 2288 2596 hac
2320 2531 2396 2596 dc
2424 2555 2488 2595 re
2519 2531 2701 2616 plane

704 2653 841 2716 silet
849 2679 867 2730 3
935 2653 1294 2736 Dionysium
1353 2660 1425 2715 ut
1487 2651 1561 2715 ab
1624 2651 1789 2714 omni
1848 2650 2122 2715 doctrina
2166 2650 2428 2714 alienum
2477 2649 2695 2712 descri-

703 2771 812 2837 bit.
881 2769 1296 2835 Nihilominus
1343 2770 1519 2833 Plato
1566 2793 1601 2832 a
1646 2769 1937 2852 Dionysio
1964 2769 2048 2861 sic
2076 2768 2385 2845 discessit,
2420 2775 2489 2830 ut
2522 2767 2697 2831 bene-

702 2890 999 2954 volentiae
1039 2889 1346 2953 vinculum
1392 2912 1516 2953 non
1563 2911 1807 2974 prorsus
1854 2887 2201 2951 tolleretur:
2252 2887 2377 2967 πρὶν
2422 2887 2690 2962 οὶπιέναι,

701 3009 936 3093 inquit,
997 3007 1186 3084 ξενίαν
1243 3009 1341 3072 καὶ
1401 3009 1607 3088 φιλίαν
1666 3007 1926 3087 Ἀρχύτῃ
1980 3006 2076 3070 καὶ
2140 3006 2407 3083 Διονυσίῳ
2452 3007 2695 3080 ποιήσας

704 3127 1032 3192 οέπέπλεον.
1079 3149 1138 3211 p.
1190 3127 1316 3189 338
1364 3124 1433 3189 C.
2402 3111 2407 3116 ⁶

790 3245 843 3308 E
902 3246 1217 3330 postremis
1277 3246 1371 3308 his
1433 3245 1609 3308 dictis
1665 3243 1891 3308 efficere
1951 3243 2093 3306 licet
2108 3292 2125 3320 ,
2176 3241 2508 3306 secundum
2555 3241 2700 3326 Epi-

704 3365 919 3428 stolam
988 3364 1302 3429 Platonem
1361 3387 1484 3428 non
1501 3413 1520 3442 ,
1587 3371 1660 3428 ut
1720 3387 1755 3426 a
1809 3362 2114 3447 plerisque
2158 3360 2445 3442 traditur,
2503 3382 2695 3443 quum

705 3483 966 3568 primum
1023 3484 1087 3547 in
1149 3483 1389 3548 Italiam
1448 3484 1741 3560 venisset,
1798 3482 1901 3546 sed
1948 3503 2137 3565 quum
2184 3503 2215 3544 e
2260 3479 2464 3543 Sicilia
2508 3479 2696 3542 disce-

704 3602 903 3680 deret,
951 3600 1276 3666 Tarentum
1323 3601 1400 3666 ad
1446 3603 1775 3686 Archytam
1823 3601 2052 3664 venisse
2100 3607 2158 3662 et
2188 3598 2520 3683 hospitium
2552 3620 2690 3661 cum

703 3720 818 3783 hoc
863 3720 1214 3803 ceterisque·
1236 3720 1629 3805 Pythagoreis
1669 3719 1960 3804 junxisse.
2010 3716 2193 3797 Quod
2239 3717 2288 3781 si
2332 3739 2540 3780 verum
2572 3722 2697 3794 est,

703 3838 1030 3915 ἀποδημίαν
1073 3837 1240 3901 illam
1287 3837 1432 3901 satis
1478 3838 1720 3922 longam
1765 3837 1951 3900 fuisse
1994 3836 2057 3898 in
2106 3841 2311 3918 aperto
2358 3842 2466 3897 est.
2524 3831 2699 3897 Cete-

769 4108 815 4167 1)
849 4107 1090 4156 Alludit-ur
1121 4107 1178 4156 ad
1213 4107 1302 4155 hoc
1335 4107 1383 4155 in
1419 4107 1506 4170 Ep.
1545 4107 1654 4176 III,
1686 4122 1736 4172 p.
1772 4107 1865 4156 319
1902 4107 1968 4157 C:
2003 4110 2149 4161 οὐκοῦν
2164 4109 2705 4174 παιδευθέντα,ἔφησθοι,

704 4211 989 4274 γεωμετρεῖν.
