3025 5067
1262 417 1384 479 169

315 629 528 692 statim
581 635 691 691 aut
735 626 901 690 brevi
935 632 1073 709 post
1101 623 1371 688 reditum
1403 645 1440 686 a
1467 623 1663 708 primo
1695 621 1907 685 itinere
1940 622 2005 684 in
2036 620 2321 684 Siciliam.

315 745 488 809 Haec
547 766 688 808 vero
738 743 1034 807 eiusmodi
1080 764 1210 807 esse
1254 748 1326 805 ut
1370 740 1680 805 conciliari
1719 745 2060 840 nequeant,
2110 746 2325 823 sponte

315 871 507 949 patet.
596 861 638 926 J
639 885 736 927 am
799 861 874 926 de
920 861 1178 947 singulis
1224 859 1547 926 itineribus
1592 857 1949 945 singulatim
1992 857 2324 922 videamuS.

411 1099 565 1164 Iter
610 1100 991 1184 Megaram.
1037 1097 1244 1164 Huius
1271 1098 1506 1164 itineris
1538 1097 1879 1182 Diogenes,
1905 1103 2329 1182 praeterquam

317 1218 455 1281 loco
501 1241 683 1305 supra
726 1217 976 1281 laudato
991 1267 1010 1295 ‚
1066 1217 1288 1282 iterum
1310 1217 1680 1281 mentionem
1710 1215 1856 1280 facit
1885 1216 1952 1280 in
1981 1214 2107 1278 vita
2129 1213 2335 1278 Eucli-

321 1336 451 1414 dis,
506 1336 610 1414 II,
667 1337 701 1421 ᾧ
767 1337 924 1399 1062
982 1335 1117 1417 πρὸς
1161 1335 1362 1401 τοῦτόν
1409 1333 1777 1420 (Euclidem)
1836 1340 2015 1416 Φησιν
2060 1335 2087 1398 ὅ
2132 1333 2331 1414 Ἑρμο-

319 1455 483 1535 δῶρος
525 1451 836 1535 ἀφικέσθαι
882 1453 1177 1518 Πλάτωνα
1226 1453 1324 1517 καὶ
1359 1454 1491 1526 τοὺς
1523 1452 1751 1525 λοίπους
1782 1451 2139 1536 φιλοσόφους
2171 1450 2331 1528 μετ-οὶ

318 1572 425 1648 τὴν
470 1571 808 1652 Σωκράτους
845 1573 1154 1654 τελευτὴν,
1195 1571 1501 1644 δείσαντας
1537 1571 1641 1645 τὴν
1678 1569 1955 1646 ὠμότητα
1984 1576 2095 1635 τῶν
2132 1568 2333 1649 τυραν-

317 1715 443 1756 νων.
536 1690 706 1754 Haec
751 1690 881 1753 sola
925 1697 1071 1755 sunt
1113 1689 1486 1770 testimonia,
1541 1711 1697 1773 quae
1741 1688 1819 1753 de
1864 1687 2209 1773 Megarensi
2237 1687 2333 1752 iti-

317 1833 464 1874 nere
511 1817 747 1874 exstent
761 1837 780 1888 3
827 1833 970 1874 nam
1016 1832 1172 1894 quae
1195 1809 1541 1894 'Menagius
1580 1809 1814 1873 confert
1849 1807 2097 1873 Libanii
2136 1815 2199 1872 et
2236 1807 2328 1872 Io·

321 1927 746 2014 Chrysostomi
760 1977 780 2006 ‚
831 1951 904 1992 ex
949 1927 1160 1993 eodem
1191 1935 1350 1992 certe
1381 1927 1549 1992 fonte
1581 1935 1726 1992 sunt
1756 1928 2026 1992 derivata
2040 1977 2059 2006 ,
2078 1933 2151 1992 ut
2174 1926 2334 2014 judi·

319 2056 423 2112 cat
483 2046 873 2112 Hermannus
937 2047 1117 2131 (Plat.
1163 2046 1324 2111 Phil.
1373 2071 1433 2133 p.
1487 2048 1649 2126 106,
1698 2054 1825 2111 not.
1878 2049 2004 2132 62).
2098 2047 2334 2111 Auctor

315 2166 682 2230 narrationis
730 2188 764 2229 a
809 2166 1082 2250 Diogene
1126 2166 1352 2230 citatur
1403 2165 1823 2230 Hermodorus
1839 2215 1859 2244 ‚
1907 2165 2011 2229 ille
2042 2166 2330 2229 nimirum

319 2307 507 2368 quem
559 2284 833 2349 Platonis
879 2283 1250 2369 discipulum
1293 2284 1480 2348 fuisse
1528 2284 1886 2368 accepimus,
1962 2282 2133 2347 Num
2169 2283 2334 2346 loeu-

317 2404 641 2490 pletiorem
689 2409 919 2467 'testem
979 2402 1402 2487 requiramus?
1492 2405 1782 2468 Attamen
1837 2402 1985 2466 fides
2032 2403 2162 2466 eius
2208 2425 2331 2466 non

317 2545 538 2611 parum
578 2522 883 2588 debilitari
922 2523 1165 2587 videtur
1209 2522 1432 2588 additis
1463 2524 1693 2588 verbis:
1729 2523 2034 2595 δείσαντας
2064 2525 2168 2599 τὴν
2191 2523 2335 2602 ὠμό-

311 2667 477 2717 τητα
521 2648 631 2707 τῶν
676 2641 976 2722 τυράννων.
1067 2641 1225 2722 Quis
1273 2643 1434 2707 enim
1464 2643 1690 2721 nescit,
1724 2643 2031 2708 Socratem
2062 2665 2186 2706 non
2216 2643 2330 2708 sub

313 2760 506 2824 XXX
546 2769 944 2847 tyrannorum
983 2761 1336 2840 dominatu,
1383 2761 1489 2825 sed
1521 2769 1787 2846 quatuor
1818 2763 1989 2826 annis
2022 2769 2161 2848 post
2192 2762 2331 2825 illos

315 2879 604 2964 expulsos
673 2878 1030 2944 damnatum
1091 2879 1264 2944 esse?
1329 2878 1395 2943 Si
1439 2879 1807 2945 Hermodori
1836 2887 2008 2944 tanta
2036 2881 2156 2945 fuit
2185 2890 2334 2945 tem-

314 3019 538 3083 porum
583 2999 960 3083 ignorantia,
1007 3023 1085 3064 ne
1130 3001 1434 3084 reliquum
1468 3001 1717 3084 quidem
1748 3003 1881 3065 eius
1911 3001 2331 3065 testimonium

314 3117 524 3200 magni
578 3118 862 3202 ponderis
921 3125 1124 3202 potest
1191 3119 1418 3183 haberi.
1511 3119 1843 3204 Ueberweg
1902 3119 1987 3204 (ll.
2054 3144 2113 3205 p.
2182 3120 2332 3202 118)

317 3234 741 3300 difficultatem
808 3237 896 3300 ita
956 3237 1168 3301 tollere
1234 3247 1521 3316 conatur,
1586 3238 1825 3314 (1166115,
1882 3237 2333 3302 Hermodorum

309 3355 597 3432 τυράννων
644 3356 1054 3440 appellatione
1096 3356 1462 3440 significasse
1501 3379 1625 3420 non
1655 3358 1785 3428 τοὺς
1810 3357 2117 3434 τριάκοντα
2136 3355 2333 3438 τυραν-

312 3497 474 3549 νους,
508 3474 735 3558 quippe
774 3474 881 3557 qui
919 3481 1128 3558 postea
1159 3473 1402 3540 demum
1435 3475 1551 3538 hoo
1582 3475 1825 3539 nomine
1859 3475 2138 3559 insigniti
2169 3475 2328 3553 sint,

315 3592 426 3656 sed
451 3593 835 3677 demagogOS,
871 3593 1231 3657 erudelitate
1265 3601 1324 3657 et
1353 3595 1629 3680 potentia
1658 3600 2055 3678 tyrannorum
2086 3595 2330 3658 similes,

313 3711 404 3775 At
464 3711 568 3774 isti
631 3734 969 3795 numquam
1029 3713 1283 3793 τύραννοι
1347 3713 1547 3776 vocati
1593 3720 1769 3791 sunt,
1827 3713 2081 3796 triginta
2127 3721 2334 3777 autem

315 3828 433 3891 viri
487 3829 614 3914 jam
675 3829 747 3892 ab
797 3829 1124 3893 Aristotele
1169 3833 1216 3895 οἱ
1263 3830 1571 3910 τριάκοντα
1614 3832 1865 3911 τύραννοι
1913 3831 2332 3916 appellantur,

314 3947 497 4011 Rhet.
546 3947 616 4011 II
631 3997 649 4026 ,
699 3951 759 4011 4.
809 3947 1030 4032 Itaque
1076 3950 1186 4013 tali
1233 3951 1728 4034 interpretatione
1765 3950 2130 4016 Hermodori
2168 3950 2333 4013 testi-

317 4067 594 4131 monium
646 4091 863 4151 parum
901 4069 1173 4152 juvatur.
1248 4069 1380 4154 Ego
1422 4092 1562 4132 vero
1610 4070 1969 4154 persuadere
2016 4071 2169 4135 mihi
2209 4092 2333 4134 11011

316 4208 600 4273 possum,
635 4186 835 4264 1111116,
883 4187 934 4250 51
980 4187 1124 4266 fuit,
1175 4196 1248 4252 ut
1291 4188 1582 4267 habetur,
1620 4189 1893 4253 Platonis
1925 4190 2195 4274 aequalis
2211 4239 2229 4268 ,
2262 4189 2329 4252 in
