3025 5067
1247 413 1370 474 189

265 621 574 687 docilitas
635 643 747 686 nec
809 621 1100 684 memoria
1161 641 1433 704 unquam
1499 622 1815 708 [gnarum]
1882 623 2129 689 efficiet:
2196 632 2315 689 ete-

265 713 419 806 nim
461 743 526 806 in
559 740 756 805 aliena
785 739 992 804 indole
1023 739 1274 804 omnino
1306 762 1430 804 non
1463 741 1739 824 gignitur
1766 742 2098 828 [scientia]
2149 741 2313 824 Qua-

267 861 562 924 mobrem
619 859 970 944 quicunque
1027 858 1308 943 justitiae
1365 859 1701 943 ceterisque
1758 860 2029 924 honestis
2077 861 2309 926 artibus

269 1001 416 1042 nou
443 979 604 1042 ‘sint
663 986 886 1042 natura
935 976 1063 1061 apti
1111 986 1172 1041 et
1218 978 1499 1062 cognati,
1548 977 1693 1041 licet
1738 979 2038 1064 ingeniosi
2084 981 2207 1044 sint
2253 987 2315 1044 et

270 1122 586 1163 memores
649 1098 726 1162 ad
788 1097 954 1162 aliud
1020 1097 1210 1174 alius,
1261 1105 1368 1160 aut
1416 1099 1524 1181 qui
1570 1100 1813 1182 cognati
1861 1099 2103 1184 quidem
2153 1101 2311 1177 sint,

273 1219 400 1282 sed
461 1217 708 1282 hebetes
769 1224 830 1280 et
892 1217 1182 1280 memoria
1243 1239 1457 1301 parum
1505 1217 1773 1280 valentes
1789 1267 1808 1296 ,
1855 1218 2076 1282 horum
2122 1219 2311 1283 nullis

275 1358 564 1419 unquam
627 1335 942 1420 continget
1001 1357 1250 1398 noscere
1311 1335 1663 1413 veritatem,
1728 1336 1931 1420 quoad
1990 1337 2169 1415 licet,
2216 1337 2313 1402 vel

277 1454 540 1517 virtutis
586 1454 682 1516 vel
729 1453 896 1517 vitii:
930 1475 1174 1517 necesse
1208 1453 1368 1517 enim
1401 1461 1496 1518 est
1528 1454 1710 1518 simul
1744 1462 1804 1518 et
1834 1454 1941 1518 illa
1971 1455 2313 1540 perdiscere

279 1583 353 1637 et
417 1597 626 1637 verum
689 1595 758 1637 ac
821 1573 1042 1636 falsum
1103 1573 1296 1636 totius
1342 1595 1546 1637 rerum
1593 1580 1847 1637 naturae
1894 1575 2060 1638 omni
2107 1575 2313 1639 studio

281 1700 356 1757 et
415 1693 599 1776 longo
662 1675 779 1755 usu
842 1715 1055 1770 nosse,
1123 1693 1284 1756 sicut
1343 1675 1522 1755 initio
1586 1692 1732 1756 dixi.
1819 1691 1979 1757 Nam
2026 1716 2150 1757 non
2198 1694 2314 1757 nisi

281 1812 490 1876 multo
551 1811 790 1887 labore,
854 1810 1090 1874 collatis
1150 1811 1409 1874 invicem
1471 1818 1534 1874 et
1574 1811 1769 1894 quasi
1836 1812 1999 1875 tritis
2046 1812 2205 1875 inter
2252 1835 2315 1874 se

283 1930 585 2014 singulis»,
621 1929 969 1994 nominibus
1002 1939 1063 1993 et
1087 1928 1576 2005 definitionibuS,
1612 1930 1754 1992 visis
1786 1937 1848 1994 et
1880 1931 2177 2008 sensibuS,
2215 1931 2311 1995 be—

284 2049 602 2132 nignaque
661 2048 1098 2132 disceptatione
1162 2048 1428 2132 probatis
1449 2097 1463 2111 .
1516 2047 1743 2131 absque
1790 2048 2021 2112 invidia
2064 2050 2316 2112 interro-

287 2167 574 2250 gantium
633 2175 694 2230 et
739 2166 1274 2251 respondentium,
1323 2166 1578 2250 effulget
1626 2167 1783 2230 circa
1828 2167 2315 2251 unumquodque

289 2285 548 2346 scientia
611 2293 672 2347 et
717 2284 1066 2348 intellectus
1083 2335 1101 2362 ,
1152 2284 1527 2348 concordans
1575 2307 1760 2368 quam
1808 2286 2066 2349 maxime
2114 2292 2317 2370 potest

289 2425 407 2488 pro
466 2404 734 2468 humana
795 2404 1106 2469 facult-ate.
1200 2402 1613 2483 Quamobrem
1674 2404 1940 2469 multum
1988 2404 2193 2482 abest,
2242 2412 2316 2467 ut

293 2524 389 2586 vir
434 2523 629 2607 gravis
677 2523 960 2606 gravibus
1009 2531 1070 2588 et
1117 2525 1285 2588 seriis
1333 2521 1408 2588 de
1454 2523 1637 2606 rebus
1684 2523 1953 2587 scribens
1987 2545 2049 2586 se
2082 2545 2313 2606 suaque

291 2641 558 2705 invidiae
605 2642 1110 2726 captionibusque
1151 2642 1479 2736 ‘hominum
1526 2641 1792 2726 objiciat.
1864 2641 1965 2704 Ad
2012 2663 2310 2705 summam

293 2761 637 2845 intelligere
684 2783 756 2824 ex
803 2760 898 2824 his
946 2761 1120 2837 licet,
1171 2762 1416 2845 quando
1461 2762 1600 2844 quis
1642 2761 1868 2846 scripta
1900 2760 2158 2825 alicuius
2190 2783 2313 2852 cey-

297 2889 407 2944 nat
466 2882 589 2944 sive
649 2881 1012 2965 legislatoris
1077 2881 1153 2944 de
1214 2881 1450 2965 legibus
1515 2882 1639 2944 sive
1690 2881 2006 2966 [aliorum]
2057 2880 2133 2943 de
2180 2880 2311 2943 aliis
2373 2959 2385 2970 ἱ

300 2996 676 3081 quibuslibet
736 2996 921 3062 rebus
938 3047 956 3076 ,
1021 3021 1090 3062 ea
1150 3021 1274 3062 non
1337 3021 1446 3083 pro
1509 2998 1679 3062 seriis
1724 2998 1842 3082 ipsi
1890 3020 2019 3061 esse
2066 2996 2309 3074 habita,

302 3117 354 3180 si
399 3117 612 3182 saltem
661 3118 740 3180 sit
785 3117 877 3182 vir
912 3117 1076 3200 frugi
1109 3125 1170 3180 et
1200 3117 1397 3200 gravis
1415 3165 1432 3194 ,
1469 3115 1575 3180 sed
1606 3116 1879 3180 infimum
1913 3116 2113 3180 locum
2148 3115 2311 3200 apud

301 3258 442 3300 eum
505 3235 812 3313 obtinere3
877 3235 970 3298 sin
1032 3245 1238 3299 autem
1297 3257 1505 3297 revera
1566 3242 1857 3318 tanquam
1920 3235 2073 3297 seria
2120 3233 2313 3297 abeo

300 3353 490 3417 literis
537 3353 824 3418 mandata
870 3360 1049 3431 sunt,
1084 3353 1228 3417 huic
1259 3375 1381 3417 non
1415 3352 1662 3436 quidem
1696 3351 1783 3415 dii
1818 3353 1919 3436 [ut
1949 3353 2034 3416 ait
2065 3353 2311 3438 poeta],

301 3473 406 3537 sed
451 3473 736 3537 mortales
783 3481 1044 3537 mentem
1090 3474 1464 3557 eripuerunt.

297 3752 384 3785 που
415 3733 598 3782 correxi
633 3735 728 3789 οὐκ,
763 3732 854 3781 nisi
891 3732 996 3796 quis
1031 3731 1190 3781 malit:
1227 3741 1373 3783 κεῖται
1408 3733 1459 3782 δέ
1490 3747 1576 3782 που
1608 3737 1651 3781 ἐν
1672 3740 1881 3800 χώρᾳ-τῇ
1912 3734 2119 3799 ›taxica-32.
2154 3729 2309 3780 Simili

298 3828 540 3879 locutione
585 3827 1036 3887 utitur-Aristides,
1081 3830 1198 3896 Περὶ
1235 3831 1396 3895 ῥητορ.
1444 3827 1551 3875 vol.
1600 3826 1685 3884 11,
1718 3842 1766 3890 p.
1803 3827 1924 3884 145,
1960 3825 2135 3874 Dium:
2172 3831 2216 3875 ἐν
2242 3837 2309 3892 τῷ

301 3927 522 3992 καλλίστῳ
551 3929 634 3976 τοῦ
669 3897 814 3992 χόρῷ
843 3927 1044 3975 τάττειν.
