3025 5067
1658 422 1784 483 214

682 638 766 693 -et
798 629 1129 713 indagandi
1162 629 1438 692 libertate
1474 651 1679 713 parem
1712 630 2122 714 conjungebat
2145 630 2207 693 in
2233 630 2732 717 philosophando

706 747 1067 811 modestiam
1115 755 1174 810 et
1218 747 1608 830 religionem,
1659 748 1904 830 agnovit
1941 747 2158 810 ultima
2187 771 2393 812 rerum
2424 749 2732 835 principia

708 865 946 929 occulta
1014 888 1143 929 esse
1186 864 1546 928 mortalibus
1595 886 1784 947 eaque
1829 866 2048 928 mentis
2097 866 2285 929 aciem
2331 867 2541 951 fugere
2609 890 2731 930 nec

706 984 823 1047 nisi
872 983 1199 1047 divinando
1247 984 1321 1047 de
1369 984 1463 1046 his
1510 984 1797 1067 augurari
1835 1005 2192 1047 concessum
2226 1007 2385 1061 esse,
2421 1008 2544 1049 non
2576 1008 2724 1049 vero

708 1128 779 1168 ea
817 1126 972 1187 quae
1018 1104 1253 1167 ratione
1302 1104 1654 1188 investigari
1703 1126 1771 1167 ac
1817 1112 2020 1167 mente
2069 1105 2497 1189 comprehendi
2544 1130 2730 1192 posse

708 1230 979 1306 putaret,
1029 1222 1359 1287 occultavit
1406 1230 1465 1285 et
1511 1222 1684 1305 quasi
1731 1224 1796 1288 in
1828 1223 2160 1307 penetralia
2192 1224 2427 1289 abdidit
2459 1225 2535 1289 ad
2569 1249 2734 1310 quae

708 1341 963 1404 initiatis
1038 1350 1278 1404 tantum
1352 1340 1558 1404 aditus
1624 1350 1874 1425 pateret.
1970 1341 2358 1407 Contrarium
2422 1352 2738 1409 testantur

708 1460 837 1523 eius
886 1460 1129 1544 scripta.

799 1578 967 1657 Quid
1024 1579 1267 1663 gravius
1330 1589 1389 1641 et
1450 1578 1669 1642 celsius
1731 1580 1998 1662 magisve
2045 1579 2422 1643 reconditum
2473 1583 2734 1665 cogitari

713 1706 909 1783 potest
969 1720 1151 1781 quam
1199 1721 1268 1761 ea
1314 1720 1469 1781 quae
1517 1699 1581 1760 in
1628 1697 1939 1775 Phaedre,
1990 1698 2055 1761 in
2102 1698 2463 1775 Phaedone,
2513 1701 2576 1763 in
2633 1700 2738 1765 Ti-

708 1839 915 1894 mae0,
957 1816 1252 1894 alibi‚‘de
1284 1817 1518 1893 anima,
1570 1816 1644 1880 de
1693 1816 1843 1894 dee,
1895 1816 1969 1881 de
2017 1818 2286 1881 universi
2334 1818 2601 1902 origine,
2655 1818 2736 1883 de

708 1936 1163 2001 immortalitate
1225 1936 1539 2021 disputata
1598 1935 1934 2020 leguntur?
2025 1935 2194 2015 Quid
2259 1946 2458 2002 autem
2517 1936 2735 2016 Plato,

712 2056 761 2119 si
808 2056 955 2118 talia
1002 2052 1359 2139 divulgavit,
1393 2055 1618 2118 scholis
1647 2077 1979 2118 reservasse
2004 2054 2315 2140 putandus
2348 2055 2483 2119 est?
2508 2057 2550 2139 Ι)
2601 2058 2739 2119 Aut

714 2175 850 2257 quis
890 2174 1095 2237 credat
1125 2174 1243 2237 ista
1272 2174 1525 2257 profano
1575 2182 1635 2237 et
1681 2173 1930 2237 indocto
1981 2174 2158 2259 vulgo
2177 2224 2196 2251 ,
2230 2197 2340 2238 nec
2368 2176 2573 2258 potius
2598 2198 2737 2239 eru-

712 2292 1009 2355 ditissimo
1058 2299 1119 2355 et
1164 2292 1609 2376 sapientissimo
1656 2292 1878 2373 cuique
1924 2291 2226 2361 destinata
2254 2292 2486 2356 fuisse?
2551 2291 2732 2377 Opus

714 2421 919 2475 autem
952 2411 1025 2474 de
1057 2410 1420 2494 Republica,
1454 2418 1921 2475 monumentum
1953 2411 2294 2475 immortale
2316 2438 2350 2487 ,·
2377 2434 2498 2494 quo
2531 2412 2732 2475 omnis

714 2552 857 2593 suae
906 2528 1328 2613 philosophiae
1377 2530 1552 2613 quasi
1599 2552 1898 2592 summam
1949 2529 2300 2614 complexus
2349 2540 2468 2607 est,
2517 2529 2581 2593 id
2613 2530 2736 2593 cla-

714 2656 840 2713 mat
884 2657 1079 2726 certe,
1128 2671 1266 2712 eum
1312 2672 1436 2713 non
1490 2671 1716 2733 paucos
1763 2658 2002 2712 tantum
2048 2650 2321 2712 initiatos
2369 2648 2475 2713 sed
2521 2671 2736 2713 omnes

714 2768 1103 2853 philosophia
1140 2790 1249 2831 sua
1280 2768 1586 2846 imbuere,
1635 2768 1952 2833 emendare
2002 2776 2062 2831 et
2109 2768 2186 2831 ad
2233 2762 2406 2832 verae
2439 2768 2734 2832 scientiae

715 2895 775 2951 et
823 2888 1117 2971 perfectae
1165 2888 1406 2951 virtutis
1444 2888 1912 2972 intelligentiam
1961 2888 2210 2951 evehere
2251 2886 2578 2951 studuisse.
2651 2886 2736 2951 In

716 3004 831 3069 hoc
879 3006 1165 3070 nimirum
1214 3029 1568 3090 germanum
1601 3030 1664 3071 se
1695 3007 1998 3092 praestitit
2028 3006 2290 3071 Socratis
2324 3007 2734 3091 discipulum,

718 3110 826 3207 qui
882 3125 1238 3210 sapientiam
1303 3148 1336 3187 a
1383 3125 1551 3189 coelo
1596 3126 1662 3189 in
1708 3132 1929 3189 terram
1977 3146 2256 3189 avocasse
2303 3132 2364 3189 et
2409 3126 2474 3188 in
2520 3126 2737 3189 domos

715 3243 1160 3321 introduxisse,
1208 3244 1269 3307 h.
1305 3267 1355 3307 e.
1391 3245 1454 3308 in
1486 3245 1646 3308 vitae
1686 3267 1867 3307 usum
1901 3232 2267 3307 convertisse
2314 3243 2736 3329 praedicatur,

721 3371 789 3426 ut
844 3385 1052 3426 omnes
1100 3364 1325 3447 pariter
1372 3386 1443 3426 ex
1492 3364 1606 3426 hoc
1655 3364 1830 3447 quasi
1876 3364 2044 3427 fonte
2090 3363 2336 3427 haurire
2384 3374 2444 3427 et
2491 3363 2740 3428 alimen-

717 3492 851 3545 tum
913 3504 1124 3566 capere
1185 3490 1449 3565 possent.
1545 3482 1714 3579 Quid
1778 3482 1941 3567 quod
1998 3483 2128 3567 ipse
2173 3504 2300 3547 non
2345 3482 2530 3547 semel
2577 3482 2738 3547 ridet

718 3740 877 3789 Ueber
928 3740 1139 3789 Platon's
1185 3740 1329 3789 sehr>
1366 3756 1411 3804 p.
1459 3740 1582 3799 323,
1629 3756 1697 3803 sq.
1749 3740 2022 3800 Hermann,
2077 3741 2246 3789 Gesch.
2294 3741 2339 3789 d.
2388 3741 2576 3815 Platon.
2611 3740 2736 3790 Phil.

722 3853 768 3901 p.
804 3838 927 3894 5543
964 3836 1025 3884 cf.
1062 3852 1108 3899 p.
1145 3834 1238 3887 711
1278 3840 1376 3884 not.
1412 3835 1525 3887 750.

794 3932 839 3991 1)
876 3930 1107 3979 Similiter
1134 3930 1321 3994 judicat
1355 3931 1618 3989 Socherus,
1652 3930 1776 3979 libro
1811 3930 1936 3979 laud.
1973 3946 2020 3995 p.
2058 3930 2182 3979 395:
2240 3930 2464 3989 „Wusste
2499 3929 2736 3979 veilleieht

722 4026 798 4075 die
832 4026 1045 4089 gebeima
1080 4026 1279 4085 Schule,
1314 4042 1373 4074 zu
1407 4025 1491 4074 der
1515 4026 1590 4074 die
1617 4026 1860 4075 ‘Verfasser
1886 4026 1968 4075 der
1993 4025 2262 4089 platonisch
2285 4030 2556 4089 genannten
2581 4026 2734 4075 Briefc

724 4140 779 4171 zu
826 4124 1033 4186 gehssren
1076 4122 1179 4171 sich
1222 4138 1493 4181 anmassen,
1541 4122 1748 4170 hoheren
1800 4122 2070 4186 Prinzipien
2118 4122 2236 4171 iiber
2279 4123 2426 4179 Gott,
2470 4120 2600 4169 Welt
2640 4121 2734 4170 und

724 4219 981 4268 Menschen
1016 4218 1085 4267 als
1120 4218 1196 4267 die
1230 4218 1315 4267 wir
1348 4218 1738 4283 Uneingeweihte
1773 4218 2077 4283 geschrieben
2112 4219 2160 4267 in
2197 4218 2411 4267 Timaeos
2447 4218 2577 4267 lesen
2592 4218 2651 4265 ?”
