3025 5067
1656 412 1782 474 202

722 614 796 677 A.
846 614 1017 681 Idem
1048 639 1212 681 nunc
1258 626 1549 701 tanquam
1595 620 1782 683 totius
1815 620 2240 705 disputationis
2273 621 2722 688 conclusionex

717 731 938 797 diserte
984 734 1317 818 eloquitur:
1368 735 1832 822 „Quicumque‚
1881 738 2058 815 dicit,
2107 739 2466 823 sapientiam
2501 746 2572 802 ut
2586 752 2722 806 scm

690 850 932 916 *seriam
1002 855 1155 917 serio
1222 863 1441 919 tractet
1463 906 1480 933 ‚
1554 856 1678 920 sive
1745 855 2054 941 legislator
2121 857 2246 921 sive
2315 857 2471 920 alius
2538 856 2672 940 quis
2691 904 2716 933 ,

718 970 982 1035 multum
1052 973 1243 1038 aberit
1301 981 1372 1038 ut
1424 975 1690 1060 cogitata
1741 998 2013 1060 unquam
2067 976 2290 1061 scripto
2357 976 2602 1061 evulget
2657 982 2726 1040 et

718 1087 1128 1154 multitudinis
1174 1092 1435 1157 invidiae
1482 1100 1543 1157 et
1587 1093 1956 1158 cavillationi
2003 1095 2307 1180 projiciat:
2374 1094 2452 1157 διὸ
2489 1094 2555 1168 δὴ
2596 1096 2718 1164 πῶς

718 1207 855 1285 ἀνὴρ
914 1209 1214 1281 σπουδαῖος
1274 1218 1384 1276 τῶν
1448 1210 1616 1275 ὄντων
1678 1212 1993 1276 σπουδαίων
2053 1214 2176 1292 πέρι
2226 1218 2440 1277 πολλοῦ
2503 1211 2592 1275 δεῖ
2635 1214 2721 1289 μὴ

719 1325 962 1404 γράψας
1016 1330 1143 1391 ποτ’
1189 1329 1245 1392 ἐν
1289 1331 1590 1408 ἀνθρώποις
1636 1332 1714 1403 εἷς
1761 1330 1960 1410 φθόνον
2006 1330 2104 1394 καὶ
2150 1332 2392 1411 ἀπορίαν
2438 1328 2720 1405 καταβα-

718 1450 842 1518 λεῒ;
904 1442 965 1507 id
1028 1446 1133 1529 qui
1177 1445 1321 1510 facit
1365 1469 1436 1511 eo
1480 1448 1614 1532 ipso
1661 1447 1926 1512 ostendit
1970 1456 2077 1511 aut
2121 1447 2541 1533 philosophiae
2587 1446 2718 1529 dig-

721 1560 970 1625 nitatem
1017 1563 1132 1628 sibi
1185 1586 1309 1630 non
1340 1588 1467 1630 esse
1498 1590 1676 1631 curae
1722 1575 1829 1631 aut
1859 1589 2104 1631 caecum
2136 1590 2199 1631 se
2230 1589 2358 1631 esse
2389 1573 2449 1629 et
2479 1565 2724 1629 demen-

718 1680 902 1742 tem.”
950 1681 1247 1766 Deinceps
1296 1683 1372 1747 ad
1418 1684 1774 1770 Dionysium
1813 1694 2116 1749 revertens
2164 1686 2310 1749 haec
2349 1684 2558 1749 addit:
2609 1682 2722 1761 „Si

720 1804 826 1861 aut
869 1800 997 1883 ipse
1044 1810 1150 1876 aut
1194 1802 1349 1865 alius
1395 1804 1693 1889 quispiam
1724 1804 1799 1867 de
1830 1804 2084 1867 summis
2115 1812 2364 1867 naturae
2397 1802 2720 1886 principiis

721 1920 852 1999 (τῶν
898 1919 1022 1997 περὶ
1068 1921 1297 2001 φύσεως
1344 1924 1527 2002 ἄκρων
1571 1923 1670 1987 καὶ
1717 1923 1967 2005 πρώτων)
2007 1921 2241 2007 aliquid
2272 1921 2568 2005 scriptum
2600 1919 2727 1983 edi-

724 2035 842 2113 dit,
888 2037 1154 2101 ostendit
1198 2016 1261 2102 se
1290 2040 1442 2104 οὐδὲν
1466 2042 1622 2117 ὑγιὲς
1654 2062 1892 2124 sapere,
1925 2062 2122 2123 neque
2153 2039 2334 2103 aliam
2365 2039 2442 2103 ob
2474 2060 2726 2102 causam

721 2154 785 2217 id
830 2155 1041 2219 fecisse
1086 2158 1396 2241 putandus
1428 2167 1520 2222 est
1563 2159 1681 2223 nisi
1718 2158 1796 2222 ob
1829 2158 2254 2223 ambitionem:
2295 2180 2435 2222 nam
2469 2158 2724 2232 ὑπομνη-

722 2272 924 2351 μάτων
968 2277 1143 2355 χάριν
1188 2276 1333 2359 (dici
1377 2279 1649 2361 oportuit
1686 2279 2051 2353 ὑπομνήσεως
2089 2277 2284 2361 χάριν)
2317 2297 2440 2340 11011
2478 2297 2732 2339 necesse

721 2402 847 2457 erat
904 2394 1122 2472 facere,
1184 2395 1481 2478 siquidem
1537 2396 1644 2461 illa
1704 2397 1910 2480 paucis
1967 2396 2270 2479 capitibus
2325 2396 2731 2459 continentur

719 2513 798 2595 (ἐν
856 2513 1259 2593 βραχυτάτοις
1316 2518 1564 2599 κεῖται),
1625 2538 1778 2599 quae
1826 2516 2008 2579 semel
2057 2522 2338 2600 percepta
2383 2534 2729 2597 numquam

722 2651 754 2692 e
799 2632 1085 2695 memoria
1132 2632 1473 2719 excidant.’'

805 2749 930 2831 Qui
955 2751 1271 2847 Platonem
1301 2751 1447 2815 talia
1476 2752 1942 2837 praecipientem
1968 2753 2137 2829 facit,
2178 2774 2318 2815 eum
2342 2752 2732 2814 existimasse

719 2876 989 2951 oportet,
1053 2868 1367 2932 Platonem
1427 2871 1630 2954 ipsum
1690 2869 2024 2933 doctrinam
2079 2892 2250 2933 suam
2312 2890 2424 2931 nec
2491 2867 2732 2952 scripto

719 2986 1034 3050 mandasse
1079 3009 1276 3070 neque
1322 2988 1669 3071 evulgasse3
1719 2989 1922 3070 itaque
1965 2987 2238 3072 dialogos
2271 2988 2399 3051 eius
2433 3008 2560 3049 esse
2591 2993 2741 3048 tan-

720 3114 850 3169 tum
890 3127 1191 3170 sermones
1224 3131 1256 3169 e
1285 3106 1549 3170 Socratis
1581 3106 1936 3192 disputandi
1979 3129 2144 3170 more
2192 3127 2532 3190 expreSSOS,
2566 3126 2734 3187 opus

720 3222 1040 3300 ludicrum,
1074 3246 1195 3287 non
1220 3226 1550 3301 σπουδαῖον;
1601 3225 1794 3309 ipsius
1816 3247 1956 3289 vero
1981 3223 2277 3310 principia
2301 3222 2735 3307 philosophiae

720 3364 831 3405 nec
874 3342 1063 3406 literis
1110 3343 1184 3407 ab
1231 3365 1301 3406 eo
1348 3344 1702 3427 consignata
1746 3367 1876 3407 esse
1919 3365 2116 3426 neque
2161 3344 2226 3405 in
2271 3342 2494 3426 vulgus
2526 3341 2694 3404 elata
2715 3392 2736 3418 ,

720 3460 826 3525 sed
884 3461 947 3524 in
1010 3460 1369 3525 Academiae
1428 3462 1639 3527 umbra
1680 3484 1818 3525 cum
1866 3461 2180 3546 discipulis
2226 3469 2470 3525 tantum
2527 3468 2588 3524 et
2640 3460 2740 3523 fa-

720 3579 1058 3643 miliaribus
1115 3580 1461 3644 disserendo
1508 3581 1806 3665 explicata
1862 3602 1930 3643 ac
1947 3630 1964 3657 ‚
2031 3582 2080 3643 si
2127 3581 2282 3643 forte
2299 3630 2317 3657 ,
2365 3579 2432 3643 in
2478 3580 2740 3653 ὑπομνή-

723 3722 894 3773 ματα
937 3698 1125 3763 relata
1172 3721 1317 3763 esse.
1382 3702 1586 3783 Atque
1630 3698 1786 3761 hanc
1833 3698 2018 3761 fuisse
2066 3696 2544 3781 epistolographi
2597 3717 2740 3758 sen-

722 3818 974 3881 tentiam
989 3866 1008 3895 ,
1062 3817 1242 3880 multi
1295 3817 1413 3881 loci
1459 3817 1814 3881 ostendunt.

812 3936 887 3999 In
934 3936 1209 4020 Epistola
1253 3936 1450 4013 XIII,
1498 3960 1559 4021 p.
1609 3939 1735 3999 363
1785 3939 1871 4013 A,
1921 3942 2278 4021 personatus
2323 3932 2500 3996 Plato
2539 3931 2740 3995 dialo-

724 4076 832 4139 gos
871 4077 1012 4119 suos
1052 4054 1459 4137 (Phaedonem
1499 4055 1865 4140 significans)
1906 4052 2172 4138 appellat
2211 4051 2596 4131 Σωκρατείους
2635 4050 2739 4113 λό-

723 4198 860 4251 γους
878 4226 894 4247 ,
958 4175 1017 4235 h.
1067 4196 1116 4237 e.
1182 4194 1483 4237 sermones
1544 4174 1609 4236 in
1669 4173 1894 4256 quibus
1953 4170 2216 4236 Socratis
2279 4170 2432 4233 ratio
2479 4178 2541 4232 et
2588 4191 2736 4235 sen-
