3025 5067
1632 343 1714 403 42

763 546 931 611 Haec
974 547 1050 611 de
1095 550 1383 633 epistolae
1422 556 1777 635 argumento
1809 556 1869 612 et
1898 572 2100 615 rerum
2129 550 2487 613 tractatione
2498 576 2517 627 3
2544 550 2675 634 jam

674 664 750 728 de
795 667 1067 731 oratione
1112 667 1441 732 videamus

1581 907 1737 990 §2-

1411 1146 1506 1207 De
1560 1144 1851 1207 Oratione.
1882 1144 1929 1227 ¹)

760 1375 902 1456 Quo
947 1378 1166 1442 melius
1212 1380 1522 1464 scriptoris
1562 1379 1866 1465 judicium
1881 1430 1900 1457 ,
1949 1402 2201 1443 acumen
2218 1429 2236 1456 ,
2280 1378 2581 1463 elegantia
2604 1377 2675 1440 in

671 1495 868 1559 verbis
900 1503 961 1560 et
990 1498 1464 1581 cogitationibus
1496 1498 1799 1562 aestimari
1828 1498 2089 1583 possint,
2123 1498 2467 1583 speciminis
2490 1518 2677 1560 causa

671 1616 999 1679 nonnullos
1045 1616 1209 1679 locos
1254 1639 1619 1702 percurram.
1712 1616 2039 1681 Ordiamur
2085 1617 2159 1681 ab
2203 1617 2403 1680 initio.

759 1732 1036 1817 Epistola
1081 1734 1168 1798 sic
1211 1727 1454 1820 incipit:
1548 1736 1972 1799 Ἐπεστείλοιτε
2016 1736 2110 1812 μοὶ
2151 1733 2390 1815 νομίζειν
2428 1733 2537 1797 δεῖν
2567 1732 2673 1805 τὴν

671 1852 914 1916 διοινοίοον
975 1854 1128 1929 ὑμῶν
1189 1849 1330 1918 εἶναι
1389 1854 1492 1928 τὴν
1548 1855 1726 1928 αὐτὴν
1788 1851 1851 1929 ἣν
1895 1848 2027 1935 εἶχε
2069 1853 2168 1918 καὶ
2216 1852 2365 1919 Δι’ων
2382 1902 2398 1933 ,
2457 1852 2555 1916 κοοὶ
2604 1850 2671 1924 δὴ

668 1969 770 2034 καὶ
829 1978 1096 2038 κοινωνεῖν
1141 1970 1520 2037 διεκελεύεσθε
1564 1996 1659 2050 μοι
1713 1972 1947 2038 καθόσον
1992 1967 2098 2043 οἷος
2137 1973 2193 2037 τ’
2216 1970 2333 2047 εἰμὶ
2379 1971 2523 2050 ἔργῳ
2567 1968 2667 2033 xx>

667 2088 846 2169 λόγῳ.
937 2089 1093 2166 Ἐγὼ
1139 2089 1197 2153 δὲ
1213 2139 1230 2171 ,
1273 2091 1319 2153 εἰ
1351 2089 1457 2167 μὲν
1487 2089 1659 2167 δόξαν
1687 2090 1785 2154 καὶ
1818 2090 2120 2167 ἐπιθυμίαν
2150 2091 2253 2164 τὴν
2284 2089 2464 2163 αὐτὴν
2495 2086 2673 2167 ἔχετε

669 2207 856 2287 ἐκείνῳ
871 2259 890 2283 ,
951 2207 1232 2289 ξύμφημι
1286 2208 1629 2283 κοινωνήσειν
1650 2258 1667 2290 ,
1709 2210 1757 2272 εἰ
1803 2208 1861 2272 δὲ
1912 2210 1995 2287 μὴ
2014 2259 2033 2283 ,
2078 2207 2487 2285 βουλεύσεσθαι
2533 2219 2677 2270 πολ-

668 2324 858 2397 λοὶκις.

755 2443 833 2507 In
866 2443 1162 2528 principio
1184 2450 1434 2508 notetur
1459 2466 1903 2530 supervacuum
1925 2444 2057 2539 δεῖν.
2104 2442 2267 2508 Nam
2290 2440 2674 2507 ἐπεστείλατέ

663 2587 759 2641 μοι
805 2560 1044 2643 νομίζειν
1091 2563 1392 2647 significat
1427 2564 1744 2645 scripsistis
1787 2564 1930 2627 mihi
1970 2570 2037 2627 ut
2064 2563 2375 2628 existimem
2414 2562 2539 2625 sive
2554 2583 2674 2643 per

663 2682 867 2745 biberas
907 2682 1174 2764 jussistis
1233 2705 1318 2745 me
1385 2682 1733 2745 existimare.
1835 2681 1930 2745 De
1990 2680 2359 2745 huiusmodi
2399 2679 2675 2765 pleonas-

663 2801 779 2864 mis
833 2801 1006 2865 infra.
1099 2801 1349 2865 Ultimis
1411 2802 1607 2866 verbis
1652 2802 2067 2879 βουλεύσεσθαι
2114 2800 2400 2871 πολλοέκις
2448 2799 2673 2883 signifi—

664 2928 839 2984 catui·
898 2921 1324 3000 ὑποκοριστικῶς
1341 2974 1360 2997 ,
1407 2924 1655 2985 abnuere
1669 2971 1689 2999 ‚
1736 2943 2016 2985 recusare.
2106 2918 2277 2999 Quid
2323 2925 2526 2983 autem
2570 2917 2673 2981 hic

594 3032 598 3037 ’
665 3040 782 3103 sibi
840 3041 976 3104 vult
1030 3038 1359 3112 πολλάκιςΡ
1421 3041 1675 3126 Proprio
1740 3062 1922 3103 sensu
1984 3046 2301 3124 acceptum
2344 3060 2454 3124 pro
2500 3060 2674 3121 saepe

733 3369 780 3429 1)
815 3368 918 3417 Hac
951 3368 1002 3417 in
1034 3374 1172 3433 parte
1205 3386 1500 3433 nequaquam
1522 3370 1721 3434 probare
1743 3386 1937 3434 possum
1958 3370 2192 3435 judicium
2215 3369 2276 3418 K.
2302 3369 2381 3417 Fr.
2406 3368 2668 3417 Hermanni

664 3463 714 3511 iu
766 3478 964 3512 censura
1013 3464 1197 3513 dissert.
1251 3464 1517 3513 Salomonis
1568 3481 1709 3529 supra
1757 3464 1974 3515 laudatae
1989 3503 2003 3524 ,
2056 3465 2137 3513 ubi
2188 3464 2303 3513 haec
2343 3463 2487 3513 dicit:
2542 3462 2671 3522 „Un-

663 3572 788 3605 seres
819 3556 1078 3607 Erachtens
1111 3559 1250 3608 komt
1284 3575 1332 3608 es
1365 3560 1499 3608 nicht
1534 3560 1711 3609 sowohl
1746 3560 1916 3608 darauf
1944 3576 2004 3608 an
2038 3559 2520 3627 Abweichungen
2557 3574 2669 3607 von

663 3652 1090 3703 Platonischer
1119 3655 1375 3720 Sprache
1402 3655 1517 3704 und
1552 3656 1953 3721 Ideengange,
1980 3655 2196 3704 woriiber
2214 3655 2291 3704 die
2312 3654 2671 3717 Entscheidung

661 3748 831 3796 immer
878 3749 986 3797 sehr
1030 3750 1210 3798 schwcr
1252 3750 1424 3809 bleibt,
1469 3752 1538 3800 als
1574 3751 1801 3801 vielmehr
1842 3750 2231 3814 gefliessentliohe
2264 3749 2605 3799 Nachahmu
2617 3765 2673 3797 11-

661 3857 771 3905 gen
827 3843 944 3891 und
1003 3842 1497 3893 Reminiscenzen
1543 3844 1664 3894 nach
1708 3860 1766 3893 zu
1806 3843 2002 3903 weisen‚
2048 3844 2123 3893 die
2161 3844 2263 3893 sich
2300 3860 2394 3893 von
2427 3842 2591 3891 einem‘
2618 3858 2672 3891 so

661 3935 852 3984 reichen
885 3936 1045 3985 Geistc
1079 3937 1167 3986 wie
1201 3938 1340 3987 Plato
1375 3937 1510 3987 nicht
1544 3942 1773 3987 erwarten
1808 3938 2009 3987 lassen.”
2073 3939 2314 4001 (Zeitschr.
2350 3939 2383 3987 f.
2416 3938 2676 3987 Alterthw·

665 4030 808 4083 1837.
859 4048 932 4081 nr.
985 4032 1084 4094 33).
1150 4033 1417 4093 Posterius,
1463 4034 1588 4097 quod
1630 4032 1813 4092 laudat,
1858 4032 2060 4082 libenter
2106 4034 2287 4099 accipio
2296 4054 2309 4093 ;
2345 4033 2503 4099 prius,
2542 4034 2669 4098 quod

659 4126 843 4192 rejicit,
877 4128 917 4177 si
951 4143 1116 4177 verum
1150 4132 1298 4188 esset,
1333 4132 1492 4178 actum
1528 4130 1653 4177 foret
1685 4128 1743 4177 de
1776 4132 1882 4177 arte
1915 4128 2095 4178 critica.
