3025 5067
1276 436 1398 499 175

313 642 566 716 στήλαις
626 648 760 714 ταῖς
821 642 906 706 ἔτι
966 639 1310 722 σωζομένους
1374 647 1577 706 ’ταῦτα
1634 641 1978 722 γεγράφθαι
2036 643 2329 721 λέγοντες.

315 757 547 823 Sensus
590 760 694 824 hic
739 768 862 824 est:
910 758 1116 837 „Sunt
1161 762 1268 846 qui
1313 763 1723 826 narrationem
1768 761 1845 826 de
1890 761 2092 826 insula
2120 762 2333 826 Atlan-

313 876 446 940 tide
505 900 732 943 meram
807 877 1126 943 historiam
1203 901 1330 943 esse
1398 878 1607 944 dicant
1623 929 1642 958 ,
1706 889 1779 944 ut
1838 881 2071 965 primus
2130 879 2333 944 Plato-

313 996 414 1059 nis
458 997 756 1083 interpres
803 996 1082 1076 Crantor,
1132 999 1242 1082 qui
1290 999 1472 1063 refert
1513 999 1694 1062 etiam
1726 997 1971 1063 Platoni
2002 999 2079 1063 ab
2118 1020 2333 1082 aequa-

313 1113 482 1178 libus
529 1116 960 1201 exprobratum
1005 1139 1135 1181 esse
1153 1167 1172 1195 ,
1216 1117 1380 1202 quod
1427 1117 1748 1195 Politiam,
1796 1117 1858 1181 h.
1906 1140 1957 1181 e.
2006 1117 2331 1202 perfectam

315 1254 504 1316 quam
563 1235 739 1299 finxit
799 1236 1062 1299 civitatis
1126 1237 1421 1320 speciem,
1471 1259 1598 1300 non
1640 1237 1771 1322 ipse
1817 1237 2177 1314 invenisset,
2225 1236 2331 1300 sed

315 1373 452 1415 eam
497 1352 915 1439 descripsisset
961 1354 1036 1419 ab
1083 1355 1404 1440 Aegyptiis
1451 1354 1962 1438 (μεταγράψαντοι
1992 1354 2076 1420 ’τὰ
2104 1355 2333 1430 Αἰγυπ-

312 1472 503 1555 τίων),
552 1495 815 1556 eumque
861 1473 1019 1536 hanc
1059 1473 1583 1557 exprobrationem
1614 1475 1771 1536 tanti
1802 1473 2042 1551 fecisse,
2074 1478 2175 1550 ut,
2209 1493 2332 1556 quo

314 1613 452 1654 eam
513 1591 935 1676 redargueret,
997 1592 1166 1656 illam
1217 1591 1450 1656 Timaei
1503 1592 1943 1668 narrationem,
1994 1591 2331 1656 secundum

313 1732 505 1793 quam
549 1710 954 1774 Athenienses
994 1711 1230 1776 dudum
1277 1719 1420 1776 ante
1465 1711 1685 1775 iisdem
1732 1711 2033 1774 institutis
2074 1732 2231 1794 quae
2268 1711 2333 1773 in

311 1828 546 1892 Politia
591 1830 874 1915 exposuit
919 1831 1017 1893 usi
1063 1837 1264 1893 essent
1279 1878 1298 1908 ,
1348 1829 1668 1914 Aegyptiis
1714 1828 2063 1894 tribuerit.”
2131 1827 2333 1892 Verba

310 1947 812 2027 μεταγράψαιντα
871 1949 952 2012 τὰ
1013 1949 1355 2025 Αἰγυπτίων
1416 1947 1644 2032 ambigi
1702 1955 1905 2033 potest
1954 1918 2335 2032 (111111ιείςηί-

310 2065 533 2128 ficent:
597 2066 1012 2148 μεταγράφειν
1071 2066 1300 2130 dicitur
1360 2075 1418 2130 et
1479 2067 1555 2130 de
1602 2067 1891 2151 scriptore
1938 2067 2044 2150 qui
2085 2065 2331 2128 alterius

310 2183 542 2247 librum
591 2186 858 2248 describit
907 2193 969 2248 et
1017 2184 1090 2248 de
1139 2187 1366 2269 pictore
1415 2186 1523 2268 qui
1569 2207 1697 2250 rem
1743 2185 2008 2269 aliquam
2050 2185 2330 2247 imitando

309 2303 537 2387 reffert,
584 2304 860 2384 depinqit.
940 2275 1170 2387 ⁸Itaque
1233 2303 1545 2368 Crantoris
1606 2303 1789 2367 verba
1846 2311 2106 2389 possunt
2150 2302 2335 2386 signi-

307 2421 529 2497 ficare,
576 2420 896 2484 Platonem
943 2423 1392 2506 Aegyptiorum
1443 2421 1630 2485 libros
1677 2422 2181 2506 transscripsisse,
2216 2420 2333 2484 hoc

309 2547 407 2600 est
469 2561 502 2601 e
562 2538 945 2604 sacerdotum
1015 2539 1186 2603 libris
1258 2541 1440 2604 sacris
1513 2539 1801 2603 Politiam
1870 2561 2043 2602 suam
2112 2540 2335 2624 compi-

307 2656 500 2734 lasse,
541 2658 653 2720 ‘vel
700 2679 839 2720 eum
885 2659 1326 2742 Aegyptiorum
1372 2658 1659 2722 instituta
1702 2657 2000 2722 imitando
2047 2659 2111 2721 in
2159 2680 2330 2721 suam

305 2776 626 2839 civitatem
678 2777 1079 2841 transtulisse.
1172 2777 1490 2840 Posterius
1541 2778 1866 2862 significari
1911 2799 2037 2841 non
2070 2776 2329 2840 dubium

309 2895 569 2978 opinor,
633 2895 752 2958 nisi
811 2895 967 2958 forte
1028 2893 1287 2958 Crantor
1342 2897 1647 2980 putaverit
1714 2895 2032 2958 Platonem
2094 2897 2332 2980 Aegyp—

303 3011 542 3075 tiorum
599 3013 873 3096 linguam
933 3012 1215 3076 calluisse
1276 3020 1337 3076 et
1383 3012 1722 3077 sacerdotes
1766 3012 1954 3076 libros
2002 3036 2144 3077 suos
2194 3036 2326 3098 per-

221 3103 228 3110 .
309 3131 527 3214 egl-ino
589 3130 825 3196 homini
884 3130 1308 3195 describendos
1378 3131 1635 3195 dedisse.
1722 3131 1884 3215 Ergo
1946 3132 2095 3195 haec
2152 3132 2334 3196 verba

307 3271 442 3312 non
501 3249 803 3330 indicant,
868 3248 1188 3312 Platonem
1231 3249 1436 3334 ipsum
1482 3250 1549 3312 in
1597 3251 1875 3334 Aegypto
1922 3250 2140 3314 fuisse:
2189 3273 2329 3314 nam

306 3367 604 3431 instituta
633 3366 740 3430 illa
770 3367 1210 3451 Aegyptiorum
1242 3367 1525 3431 omnibus
1557 3375 1705 3432 nota
1736 3375 1907 3431 erant
1940 3376 1998 3432 et
2028 3390 2137 3452 pro
2162 3377 2333 3453 parte

309 3491 449 3548 tum
513 3484 716 3548 adhuc
776 3484 865 3548 ibi
923 3485 1243 3569 vigebant,
1307 3493 1380 3549 ut
1444 3486 1625 3550 etiam
1686 3508 1797 3549 suo
1842 3495 2111 3571 tempore
2155 3486 2334 3550 Plato

312 3602 517 3666 dicere
563 3609 800 3689 posset,
850 3602 1016 3686 quod
1063 3602 1434 3666 sacerdotem
1467 3603 1643 3667 illum
1691 3603 1839 3666 facit
1884 3603 2187 3667 dicentem
2205 3654 2222 3681 ,
2272 3627 2331 3688 p.

314 3725 400 3784 24
465 3723 558 3784 A:
626 3721 826 3786 πολλὰ
886 3721 1004 3802 γὰρ
1062 3721 1527 3801 παραδείγματα
1570 3727 1710 3786 τῶν
1755 3722 1889 3786 ’τότε
1951 3726 2110 3804 παρ’
2173 3723 2336 3800 ὑμῖν

309 3841 396 3925 (h.
464 3863 518 3903 e.
584 3838 1088 3923 Atheniensibus)
1146 3838 1313 3904 ὄντων
1375 3839 1619 3920 ἐνθάδε
1681 3841 1763 3924 (h.
1815 3863 1865 3904 e.
1918 3841 1985 3904 in
2031 3842 2334 3926 Aegypto)

307 3964 424 4023 νῦν
471 3959 797 4036 ἀνευρήσεις
824 3976 838 3992 ·
887 3963 1100 4038 πρῶτον
1131 3959 1238 4034 μὲν
1267 3957 1333 4022 τὸ
1368 3964 1478 4022 τῶν
1521 3960 1672 4038 ἱερῶν
1718 3959 1879 4034 γένος
1901 4007 1915 4021 .
1941 4008 1956 4024 .
1979 4010 1992 4024 .
2011 4009 2028 4040 ,
2075 3960 2237 4033 μετὰ
2278 3961 2335 4023 δὲ

309 4082 486 4141 τοῦτο
554 4075 622 4140 ’τὸ
681 4081 793 4139 τῶν
851 4075 1199 4155 δημιουργῶν
1226 4125 1240 4140 .
1269 4123 1284 4139 .
1313 4125 1329 4140 .
1349 4127 1366 4151 ,
1430 4076 1499 4140 τό
1562 4101 1629 4140 τε
1672 4081 1783 4140 τῶν
1832 4076 2040 4153 νομέων
2080 4078 2176 4140 καὶ
2226 4086 2335 4144 τῶν

309 4195 588 4275 θηρευτῶν
634 4191 704 4258 τό
743 4217 812 4257 τε
856 4199 965 4257 τῶν
1010 4199 1278 4272 γεωργῶν
1302 4244 1318 4266 .,
1365 4195 1463 4258 καὶ
1511 4195 1577 4270 δὴ
1611 4194 1707 4258 καὶ
1740 4193 1806 4258 τὸ
1837 4194 2112 4275 μάχιμον
2142 4195 2332 4272 γένος.
