3025 5067
1259 389 1378 449 141

286 594 552 658 Auctor
617 595 759 658 facti
805 617 933 658 esse
979 594 1310 679 putabatur
1354 593 1734 671 HeraclideS,
1784 587 1997 658 Dionis
2046 594 2273 658 amicus
2291 642 2309 670 ,

287 734 494 796 quem
542 713 677 777 ideo
723 713 1150 798 comprehendi
1193 713 1523 799 Dionysius
1561 714 1745 799 jussit
1760 739 1779 790 ς
1826 689 1930 777 ille
1976 698 2216 796 aufugit
2245 713 2311 776 in

285 830 655 896 Poenorum
715 831 1039 909 ditionem,
1104 831 1266 895 unde
1326 831 1687 896 Corinthum
1750 832 2055 916 pervenit,
2120 844 2190 895 ut
2235 832 2310 895 ab

287 951 614 1014 historicis
660 951 951 1015 traditum
999 958 1108 1015 est.
1147 953 1193 1036 ¹)
1283 950 1444 1014 Hinc
1485 950 1891 1036 expostulatio
1923 951 2083 1015 inter
2111 951 2311 1021 Plato-

291 1092 448 1132 nem
514 1071 769 1153 eiusque
831 1071 1050 1134 amicos
1069 1119 1088 1148 ,
1152 1069 1525 1134 Theodotem
1589 1078 1649 1134 et
1708 1069 2046 1154 Eurybium
2061 1119 2080 1148 ,
2127 1076 2309 1153 atque

295 1187 710 1272 Dionysium,
775 1211 806 1250 0
867 1210 988 1271 qua
1044 1188 1240 1272 gravis
1287 1188 1481 1251 oritur
1527 1187 1858 1251 discordia:
1908 1187 2084 1251 Plato
2131 1187 2309 1251 domo

295 1307 478 1390 regia
538 1306 817 1370 exclusus
876 1307 942 1370 in
1000 1305 1157 1369 vitae
1202 1306 1523 1390 discrimen
1572 1306 1765 1383 venit,
1816 1304 1921 1369 sed
1965 1307 2309 1370 interventu

301 1425 616 1510 Archytae
663 1433 723 1489 et
767 1425 1229 1489 Tarentinorum
1278 1448 1314 1488 a
1355 1393 1652 1509 Dionysio
1700 1425 1918 1488 viatico
1964 1424 2225 1488 donatus
2250 1433 2310 1488 et

299 1545 596 1608 dimissus
643 1552 734 1608 est
777 1547 858 1630 (p.
907 1546 1250 1608 348—350
1300 1543 1394 1629 B).
1430 1546 1477 1629 2)

401 1661 557 1726 Cum
617 1663 730 1727 hac
788 1663 1079 1726 relatione
1126 1663 1494 1726 conveniunt
1540 1684 1695 1745 quae
1742 1663 1817 1726 de
1862 1663 2068 1726 eadem
2114 1685 2177 1726 re
2222 1685 2309 1726 re-

301 1779 426 1841 fert
472 1777 868 1857 Plutarchu8,
916 1781 1089 1842 cuius
1142 1778 1408 1842 narratio
1453 1779 1715 1842 maxima
1760 1803 1867 1864 pro
1900 1787 2068 1864 parte
2101 1803 2172 1843 ex
2197 1780 2307 1843 hac

279 1896 568 1982 ‘epistola
627 1899 984 1961 concinnata
1051 1904 1174 1973 est,
1223 1897 1519 1981 adspersis
1564 1897 1895 1961 historiolis
1942 1899 2305 1982 quibusdam

297 2017 384 2080 de
431 2017 775 2102 Aristipp0‚
825 2017 1113 2093 Philisto,
1166 2015 1459 2080 Helicone
1521 2019 1597 2101 (c.
1651 2019 1929 2101 18—20)
1947 2066 1965 2105 ρ
2016 2039 2166 2100 quas
2190 2017 2305 2080 for-

299 2136 470 2199 sitan
531 2158 566 2198 a
625 2133 1012 2220 Theopompo
1081 2134 1430 2219 depromsit.
1526 2135 1596 2198 In
1662 2135 1776 2198 hoc
1824 2142 2028 2248 autem
2074 2136 2309 2200 Plutar-

299 2255 462 2317 chus
524 2255 597 2318 ab
659 2254 914 2338 epistola
973 2253 1229 2331 recedit,
1295 2253 1459 2337 quod
1523 2252 1672 2316 dicit
1724 2255 1849 2338 jam
1911 2263 2050 2318 ante
2109 2255 2308 2318 Plato-

301 2373 408 2436 nis
455 2372 780 2438 adventum
825 2374 1188 2458 Dionysium
1237 2396 1358 2437 non
1405 2373 1637 2436 misisse
1696 2372 1879 2436 Dioni
1925 2374 2307 2458 praediorum

301 2491 538 2554 reditus
555 2517 574 2568 3
621 2493 683 2555 in
730 2514 852 2574 quo
898 2515 1035 2555 eum
1082 2491 1402 2576 deceptum
1433 2514 1561 2554 esse
1592 2491 1868 2556 arbitror.
1928 2491 2087 2555 Nam
2113 2515 2305 2577 usque

301 2609 386 2673 ad
455 2609 726 2673 Platonis
787 2610 1112 2674 adventum
1174 2619 1466 2695 tyrannus
1528 2633 1760 2694 semper
1819 2611 2179 2675 benevolum
2241 2635 2303 2676 se

299 2749 450 2811 erga
492 2727 747 2791 Dionem
794 2728 1116 2793 simulavit.
1966 2715 1971 2720 ⁴

398 2846 489 2909 De
535 2845 690 2910 libro
731 2868 910 2930 quem
941 2846 1269 2932 Dionysius
1302 2846 1376 2909 de
1409 2845 1795 2930 philosophia
1826 2847 2129 2932 scripserit
2160 2847 2303 2912 alibi

299 2964 533 3027 mentio
576 2986 703 3029 non¹
745 2965 844 3041 fit;
879 2971 1081 3028 tamen
1109 2964 1489 3048 ingeniosum
1525 2986 1663 3028 eum
1695 2970 1755 3026 et
1778 2965 2086 3029 literatum
2111 2966 2299 3031 fuisse

299 3083 438 3166 ipsa
496 3083 643 3146 haec
704 3083 956 3167 epistola
1016 3084 1240 3147 fatetur
1300 3085 1422 3168 (pp.
1489 3085 1617 3174 3338
1666 3091 1727 3146 et
1773 3087 1935 3162 339,
1984 3084 2091 3170 E),
2142 3087 2303 3149 unde

301 3225 430 3265 non
476 3203 696 3266 mirum
742 3203 794 3265 si
837 3203 950 3266 hac
997 3225 1238 3286 quoque
1279 3204 1343 3266 in
1374 3226 1437 3266 re
1468 3204 1659 3288 patris
1691 3204 2033 3288 exemplum
2058 3213 2302 3269 secutus

305 3329 432 3398 est,
485 3344 661 3405 quem
712 3321 1050 3406 tragoedias
1087 3323 1492 3407 composuisse
1520 3323 1880 3407 accepimus.
1930 3322 2092 3408 (Vid.
2120 3347 2301 3410 supra

301 3462 363 3523 p.
420 3440 540 3502 133
588 3441 757 3524 not.).
849 3440 1046 3524 Magis
1092 3441 1314 3504 miratu
1361 3439 1647 3525 dignum,
1697 3440 1861 3524 quod
1906 3442 2205 3526 Archytas
2238 3452 2299 3505 et

367 3699 417 3760 1)
451 3699 640 3763 NepoS,
675 3698 818 3748 Dion.
853 3700 898 3748 5.
948 3697 1078 3748 Plut.
1111 3698 1256 3748 Dion.
1291 3699 1370 3748 32.
1406 3699 1468 3748 cf.
1501 3699 1697 3749 Diodor.
1734 3699 1873 3759 XVI,
1908 3699 1953 3749 6.

367 3797 418 3856 2)
452 3795 592 3844 'reste
626 3793 838 3853 Lafirtffi,
876 3794 984 3852 ῙΠ,
1025 3795 1119 3854 21,
1152 3798 1255 3867 ιἔνιοί
1296 3815 1426 3862 φασιν
1459 3798 1535 3847 καὶ
1568 3796 1831 3847 κινδυνεῦσαι
1870 3799 2003 3848 αὑτὸν
2016 3795 2300 3857 (Platonem)

300 3895 360 3949 ὡς
406 3893 702 3942 ἀναπείθοντα
749 3892 888 3941 Δίωνα
935 3893 1010 3941 καὶ
1059 3891 1280 3942 Θεοδόταν
1331 3893 1407 3941 ἐπὶ
1443 3899 1508 3961 τῇ·
1542 3899 1623 3950 τῆς
1656 3899 1783 3948 νήσου
1816 3895 2043 3961 ἐλευθερίᾳ
2062 3908 2073 3919 ·
2108 3896 2184 3944 ὅτε
2221 3895 2294 3944 καὶ

297 3983 530 4054 ’Λρχὺτας
578 3987 710 4035 αὐτὸν
756 3987 782 4034 ὁ
830 3989 1162 4053 Πυθαγορικὸς,
1207 3990 1386 4054 γράψας
1414 3988 1653 4044 ἐπιστολὴν
1682 3990 1795 4054 πρὸς
1826 3987 2062 4051 Διονύσιον,
2100 3997 2301 4057 παρῃτή-

301 4101 417 4132 σατο
453 4085 528 4132 καὶ
561 4081 764 4132 διέσωσεν
794 4085 857 4139 εἰς
887 4078 1082 4140 Ἀθήνας.
1148 4081 1274 4130 Haec
1308 4085 1466 4130 autem
1501 4098 1622 4138 non,
1664 4087 1719 4129 ut
1737 4080 1816 4128 ille
1837 4086 2022 4139 narrat,
2042 4082 2089 4130 in
2114 4085 2296 4142 altera,

301 4177 384 4226 sed
415 4178 467 4226 in
501 4177 643 4226 tertia
675 4178 968 4242 profectione
1001 4177 1260 4226 obtinuisse
1297 4177 1515 4227 vidimus.
