3025 5067
1233 441 1352 501 139

283 673 432 714 rum
478 650 842 714 Plutarchus
887 671 1130 733 quoque
1175 647 1216 710 l.
1266 646 1305 709 l.
1339 667 1477 709 eum
1508 642 1815 728 Syracusis
1841 642 2176 726 profectum
2210 640 2285 702 ad

283 769 536 833 Italiam
580 769 904 854 appulsum
957 791 1086 831 esse
1137 767 1343 849 ibique
1395 763 1734 838 escendisse
1786 767 2061 824 testatur.

377 887 707 970 Postquam
752 887 1023 950 Athenas
1069 907 1336 950 reversus
1382 891 1501 960 est,
1550 880 1757 946 eodem
1789 880 1953 943 venit
1981 878 2101 941 Dio
2119 927 2136 954 ,
2172 877 2279 960 qui

286 1005 379 1068 ibi
419 1005 678 1068 multum
725 1027 864 1069 cum
904 1005 1186 1081 Platone,
1219 1001 1557 1087 Speusippo
1597 999 1851 1082 aliisque
1889 995 2164 1060 Platonis
2210 995 2292 1058 fa-

289 1123 634 1186 miliaribus
695 1130 966 1186 versatus
1028 1143 1154 1186 esse
1206 1120 1485 1184 traditur.
1580 1117 1671 1181 De
1716 1117 1829 1180 hac
1874 1114 2090 1177 Dionis
2137 1134 2291 1175 com-

289 1242 634 1305 moratione
703 1241 960 1305 Athenis
1025 1241 1087 1304 in
1156 1239 1409 1324 epistola
1470 1236 1644 1301 nulla
1703 1236 1773 1298 fit
1825 1233 2082 1310 menti0,
2130 1230 2293 1315 quod

293 1383 443 1424 sane
502 1358 847 1424 mirandum
862 1410 880 1438 ‚
941 1381 1131 1443 quum
1193 1357 1539 1444 praesertim
1600 1355 1855 1439 scriptor
1911 1352 1975 1415 id
2036 1350 2295 1414 maxime

295 1480 677 1564 propositum
716 1479 830 1542 sibi
869 1501 994 1542 esse
1030 1477 1218 1554 dicat,
1268 1485 1339 1540 ut
1368 1475 1683 1552 ostendat,
1736 1470 2003 1535 Platonis
2049 1491 2295 1534 consue-

295 1597 506 1661 tudini
573 1605 634 1660 et
697 1597 1070 1661 institutioni
1137 1595 1392 1659 Dionem
1455 1598 1729 1676 acceptas
1790 1589 2069 1654 debuisse
2114 1587 2297 1650 virtu-

299 1721 400 1778 tes
446 1713 612 1791 illas,
659 1712 883 1797 quibus
930 1712 1284 1777 nobilitatus
1331 1718 1439 1775 est.
1532 1710 1822 1793 Properat
1868 1727 2006 1770 vero
2044 1705 2298 1787 scriptor

296 1833 380 1896 ad
425 1832 674 1897 tertium
719 1832 834 1895 iter
877 1830 1348 1916 Syracusanum,
1412 1828 1578 1914 quod
1638 1827 1834 1893 tribus
1898 1825 1991 1888 vel
2036 1830 2299 1910 quatuor

297 1953 480 2017 annis
526 1958 664 2036 post
707 1951 884 2014 Plato
933 1950 1215 2036 suscepit.

393 2186 566 2250 Sicut
623 2188 782 2251 inter
837 2187 1042 2252 ambos
1101 2193 1494 2264 convenerat,
1544 2208 1688 2271 pace
1734 2185 1921 2261 facta,
1970 2183 2300 2268 Dionysius

296 2306 618 2370 Platonem
681 2305 758 2368 ad
815 2327 878 2368 se
924 2312 1098 2369 vocat
1142 2307 1222 2389 (p.
1273 2305 1399 2368 338
1447 2303 1500 2367 B
1550 2305 1737 2387 sqq.)‚
1793 2303 2051 2366 Dionem
2100 2311 2301 2365 autem

290 2425 478 2510 jubet
515 2446 743 2487 annum
789 2423 988 2487 adhuc
1029 2445 1338 2487 remanere
1371 2423 1436 2486 in
1469 2422 1741 2486 Graecia.
1790 2420 1967 2484 Plato
2012 2421 2302 2496 haesitat3

301 2549 438 2607 erat
496 2543 622 2627 jam
688 2565 876 2628 prope
941 2542 1435 2627 septuagenarius
1505 2548 1568 2605 et
1626 2540 1882 2625 putabat
1940 2538 2301 2622 Dionysium

299 2660 635 2723 ambitione
681 2659 937 2723 ductum
981 2683 1044 2723 se
1091 2682 1399 2724 arcessere.
1464 2659 1841 2724 Ferebantur
1887 2657 2304 2722 enim-venisse

301 2779 387 2842 ad
441 2778 800 2863 Dionysium
840 2778 1136 2862 Archytas
1184 2786 1244 2843 et
1289 2778 1629 2855 Tarentini,
1680 2784 1750 2840 ut
1768 2777 2053 2840 Platonis
2088 2775 2307 2840 doctri-

299 2919 449 2960 nam
495 2919 568 2960 ex
635 2919 704 2961 eo
765 2897 1248 2974 sciscitarentur3
1317 2896 1539 2980 quibus
1608 2918 1747 2959 cum
1802 2895 2143 2958 satisfacere
2174 2893 2307 2958 ·ille

301 3037 433 3079 non
492 3022 696 3099 posset
738 3015 923 3098 idque
969 3014 1374 3092 erubesceret,
1437 3014 1573 3078 ideo
1626 3014 1943 3108 videbatur
1988 3013 2303 3077 Platonem

302 3135 531 3197 iterum
562 3154 831 3211 vocasse,
881 3130 1138 3217 cupidus
1182 3140 1280 3198 τοῦ
1313 3134 1605 3198 διακοῦσαι
1637 3131 2031 3210 ἐναργέστερον
2062 3133 2143 3215 (p.
2178 3131 2305 3194 338

307 3251 413 3336 D).
484 3250 660 3314 Hanc
705 3251 782 3314 ob
829 3273 1070 3314 causam
1114 3251 1297 3314 semel
1327 3251 1669 3334 iterumque
1700 3256 1948 3312 vocatus
1979 3248 2309 3325 recusavit3

307 3369 492 3432 tertio
553 3367 799 3431 tandem
810 3416 828 3446 ‚
894 3367 1270 3432 Archedemo
1330 3367 1602 3432 Platonis
1659 3366 1940 3431 familiari
1985 3388 2125 3430 cum
2170 3366 2313 3429 Dio-

308 3485 472 3571 nysii
517 3485 772 3570 epistola
815 3485 1419 3550 honorificentissima
1466 3486 1735 3570 Athenas
1768 3485 1982 3561 miss0‚
2030 3485 2313 3549 hortante

309 3604 512 3667 Dione
527 3653 545 3681 ‚
607 3603 1039 3688 instigantibus
1107 3609 1412 3687 praeterea
1477 3626 1583 3687 per
1647 3603 1851 3666 literas
1920 3603 2189 3686 Archyta
2254 3610 2316 3666 et

309 3719 654 3784 Tarentinis
672 3769 691 3798 ,
759 3723 862 3795 τῆν
927 3721 1281 3802 φιλοσοφίαν
1349 3719 1764 3801 ἐγκωμιάζουσι
1824 3723 1926 3795 τὴν
1988 3721 2278 3786 Διονυσίου
2295 3773 2315 3798 ,

311 3839 496 3902 cessit
555 3847 614 3901 et
673 3839 855 3903 tertio
923 3837 1245 3933 Syracusas
1298 3839 1605 3923 profectus
1674 3846 1765 3902 est
1830 3839 1991 3904 bona
2055 3862 2161 3924 spe
2206 3861 2316 3902 nec

311 3956 658 4022 mirandum
728 3964 982 4042 putanS,
1053 3957 1166 4022 νέον
1232 3955 1407 4037 ἄνδρα
1473 3956 1877 4035 παρακούοντα
1920 3957 2092 4032 οέξίων
2136 3957 2314 4035 λόγου

314 4073 716 4157 πραγμάτων,
782 4077 1030 4157 εὐμαθῆ,
1082 4076 1216 4153 πρὸς
1263 4075 1444 4157 ἔρωτα
1490 4075 1668 4142 ἐλθεῖν
1715 4080 1815 4142 τοῦ
1861 4075 2141 4151 βελίστου
2184 4077 2314 4152 βίον

316 4196 402 4280 (p.
452 4197 578 4258 339
627 4193 721 4276 E).
