3025 5067
1371 388 1406 446 5

477 588 920 654 Tiedemannus
966 599 1027 654 et
1057 591 1581 675 Morgensternius
1615 600 1949 658 ceterarum
1980 594 2157 658 fidem
2190 594 2393 657 minus

387 708 621 771 firmam
684 708 1030 773 habuerunt
1044 759 1063 788 ,
1128 733 1336 774 earum
1397 712 1721 797 praecipue
1780 714 1845 777 in
1902 713 2127 797 quibus
2173 736 2397 779 aroana

387 826 685 909 quaedam
747 826 970 911 placita
1023 834 1397 912 tanguntur,
1439 830 1482 913 ¹)
1538 830 1613 893 de
1658 829 1969 916 Epistolae
2016 839 2218 896 autem
2268 830 2396 893 VH

385 944 506 1007 fide
551 943 820 1009 dubitari
848 968 1024 1031 posse
1054 970 1178 1011 non
1209 948 1632 1011 crediderunt:
1669 957 1927 1026 „contra
1958 950 2134 1034 cujus
2165 948 2396 1026 γνωσιό-

383 1088 575 1141 ‘tna-oc,
649 1064 798 1128 dicit
865 1065 1388 1149 Morgensternius
1403 1115 1422 1144 ,
1484 1066 1581 1130 De
1640 1066 1798 1130 Plat.
1862 1066 2011 1151 Rep.
2060 1089 2121 1151 p.
2175 1069 2253 1131 79
2272 1117 2292 1144 ,
2358 1090 2393 1129 a

386 1182 626 1246 nemine
673 1182 840 1266 quod
887 1184 1071 1247 seiam
1117 1207 1194 1248 ne
1242 1206 1435 1250 unum
1483 1185 1731 1269 quidem
1778 1192 2201 1269 argumentum
2252 1208 2395 1268 qua-

385 1302 708 1385 lecumque
769 1300 968 1366 adhue
1028 1302 1333 1387 prolatum
1390 1308 1500 1369 est.
1594 1302 1733 1367 Hoc
1777 1303 1924 1367 dum
1970 1305 2077 1367 fiat
2091 1353 2111 1382 ,
2160 1326 2397 1388 exspec-

386 1420 649 1484 tamuS.”

474 1538 675 1603 Etiam
737 1538 902 1625 apud
962 1539 1388 1625 Francogallos
1465 1538 1675 1605 Freret
1744 1541 1841 1604 his
1906 1542 2181 1626 epistolis
2242 1564 2393 1604 usus

386 1668 480 1723 est
533 1666 824 1743 tanquam
884 1659 1169 1744 primario
1229 1660 1396 1723 fonte
1457 1660 1621 1723 unde
1681 1682 1883 1725 rerum
1946 1667 2007 1724 et
2051 1667 2393 1745 temporum

385 1778 464 1841 ad
507 1778 840 1857 Socratem,
888 1778 1208 1843 Platonem
1253 1785 1316 1843 et
1359 1778 1641 1863 aequales
1676 1779 1924 1843 illorum
1956 1780 2393 1864 pertinentium

385 1904 584 1961 status
650 1874 1070 1982 cognoscatur.
1102 1899 1156 1983 2)
1245 1897 1322 1961 In
1389 1897 1600 1963 eadem
1669 1900 1970 1963 sententia
2028 1900 2146 1963 fuit.
2207 1921 2397 1983 quon·

386 2015 528 2079 dam
571 2015 946 2095 Boeckhius,
994 2016 1089 2082 De
1136 2016 1348 2081 Graec.
1396 2024 1551 2101 trag.
1600 2017 1792 2102 prino.
1841 2019 2083 2102 (1808).
2132 2041 2189 2101 p.
2231 2019 2392 2095 163,
2481 2035 2486 2040 ·

389 2135 565 2219 eujus
625 2135 858 2221 judicio
925 2135 1237 2221 Epistulae
1297 2135 1432 2213 III,
1495 2135 1625 2199 VII
1680 2143 1743 2199 et
1800 2134 1967 2200 VIII
2028 2159 2062 2199 a
2121 2134 2395 2198 Platonis

390 2275 576 2317 manu
622 2254 924 2339 profectae
969 2278 1100 2319 esse
1146 2253 1454 2341 putandae
1499 2261 1664 2318 sunt.
1699 2255 1754 2337 ³)

459 2441 506 2501 1)
541 2440 858 2500 Tiedemsnn,
901 2440 1034 2491 Geist
1067 2442 1152 2490 der
1185 2441 1322 2506 Speo.
1355 2440 1484 2491 Phil.
1520 2439 1689 2502 (1791)
1722 2441 1789 2489 11.
1831 2456 1880 2505 p.
1917 2441 2039 2499 119,
2073 2440 2313 2505 Epist-olas
2344 2439 2397 2488 ΙΙ

389 2542 440 2585 et
472 2536 543 2585 VI
576 2537 760 2601 spurias
785 2536 985 2600 judicat.
1050 2538 1410 2602 Morgenstern,
1445 2538 1675 2585 Entwiirf
1693 2553 1787 2586 von
1810 2535 2024 2585 Platon's
2046 2536 2203 2585 Leben
2224 2535 2395 2597 (1797)

389 2649 438 2698 Ρ.
475 2634 533 2682 61
572 2638 672 2682 not.
706 2633 904 2697 loquens
945 2633 1003 2682 de
1042 2650 1213 2683 aream
1255 2634 1486 2699 sapientia
1533 2634 1725 2683 Platoni
1774 2634 1823 2682 in
1862 2633 2074 2697 epistolis
2107 2633 2182 2681 his
2215 2633 2399 2683 tributa

389 2729 508 2778 dicit
540 2729 840 2789 dubitanter:
887 2729 1056 2789 „Dooh
1090 2728 1336 2779 verdiente
1367 2730 1444 2779 die
1479 2730 1629 2779 Saohe
1662 2730 1787 2779 noeh
1820 2730 1925 2779 eine
1956 2744 2190 2793 genauete
2222 2728 2396 2778 Unter-

390 2824 653 2889 suehung.''

460 2919 510 2981 2)
544 2918 735 2978 Freret,
777 2918 1030 2969 Memoires
1077 2919 1134 2969 de
1179 2918 1360 2968 l’Aeed.
1401 2918 1482 2967 des
1518 2918 1668 2967 Inscr.
1704 2919 1871 2981 (1809)
1904 2918 1957 2968 Τ.
1994 2918 2185 2969 XLVII.
2218 2934 2267 2983 Ρ.
2302 2919 2396 2971 257

393 3020 492 3063 not.
526 3014 640 3063 haee
673 3013 820 3064 dicit:
856 3016 1061 3074 „Aucun
1092 3015 1174 3063 des
1197 3014 1387 3064 enciens
1409 3014 1486 3063 n'a
1508 3013 1654 3064 doute
1675 3030 1766 3079 qne
1786 3016 1855 3064 les
1876 3014 2043 3063 lettres
2065 3014 2123 3063 de
2146 3014 2317 3063 Platon
2340 3031 2400 3062 ne

393 3111 578 3160 fussent
609 3111 668 3160 de
701 3128 754 3159 ee
798 3110 1080 3177 philosophe
1091 3131 1106 3169 ;
1153 3110 1267 3159 elles
1316 3112 1476 3159 forent
1521 3108 1707 3175 publies
1737 3126 1823 3174 par
1854 3110 2153 3160 Hermodoro
2186 3126 2272 3159 son
2306 3110 2398 3159 ami

393 3211 444 3257 et
477 3224 560 3257 son
612 3207 832 3271 disciple,
883 3206 984 3256 Cio.
1030 3206 1088 3256 ad
1133 3207 1236 3256 Att.
1273 3206 1421 3266 XIII,
1468 3207 1550 3257 21.
1617 3206 1866 3271 Thrasylle
1912 3211 1961 3255 et
1994 3206 2038 3255 le
2068 3207 2401 3270 grammairien

392 3302 737 3368 Aristophane,
801 3303 918 3352 <lans
981 3303 1028 3352 la
1095 3302 1394 3353 distribution
1448 3301 1591 3366 qu’ils
1648 3301 1835 3352 avaient
1880 3302 1993 3350 faite
2043 3302 2125 3350 des
2175 3318 2402 3366 ouvrages

395 3398 520 3448 vrais
553 3402 603 3447 et
637 3396 860 3463 supposes
892 3400 973 3463 qni
1008 3399 1247 3463 portnient
1291 3416 1377 3448 son
1422 3416 1564 3459 nom,
1616 3399 1851 3465 plaeaient
1884 3415 1960 3447 ces
1994 3398 2160 3448 lettres
2190 3416 2252 3448 au
2285 3414 2403 3462 tang

393 3494 478 3543 des
527 3494 792 3543 veritables.
857 3495 1018 3557 Denys
1068 3494 1444 3544 d'Haliearnasse
1494 3495 1585 3543 fait
1629 3494 1842 3545 mention
1888 3494 1971 3543 des
2002 3493 2171 3542 lettres
2204 3492 2262 3543 de
2295 3494 2403 3543 Pla·

395 3595 511 3645 ton,
547 3591 622 3639 De
653 3594 741 3639 art.
775 3590 1026 3639 Demosth.
1059 3604 1107 3655 p.
1147 3590 1240 3643 178
1275 3590 1525 3655 oper.‘vol.
1550 3590 1626 3650 113
1662 3590 1783 3639 mais
1805 3606 1857 3639 oe
1874 3590 1955 3655 qui
1985 3592 2059 3638 est
2075 3588 2263 3648 decisis,
2287 3589 2405 3639 e’est

395 3702 488 3751 que
523 3684 723 3735 ciceron
757 3684 825 3733 lui
858 3684 1038 3745 meme,
1075 3685 1214 3734 Tune.
1251 3684 1322 3745 V,
1359 3686 1452 3745 85,
1487 3684 1581 3733 cite
1614 3684 1661 3733 la
1694 3685 1836 3734 lettre
1869 3701 1959 3734 aux
1993 3688 2185 3749 parents
2202 3685 2258 3733 de
2276 3685 2403 3733 Dion

395 3798 455 3830 en
498 3797 576 3831 ees
607 3784 812 3830 termesx
861 3780 982 3839 „Est
1013 3780 1251 3843 praeclara
1284 3780 1483 3844 epistola
1516 3780 1733 3829 Platonis
1763 3780 1823 3829 ad
1858 3779 2025 3828 Dionis
2058 3778 2405 3844 propinquos.”

464 3878 514 3939 3)
550 3877 674 3926 Cum
722 3875 962 3925 Boeokhio
1009 3875 1250 3925 consentit
1281 3876 1329 3926 J.
1363 3876 1421 3925 A.
1456 3875 1670 3933 Grimm,
1706 3876 1777 3924 De
1810 3874 1933 3938 Epp.
1967 3874 2092 3923 Plat.
2128 3879 2291 3923 utrum
2324 3890 2403 3937 ge-

397 3973 573 4023 nuinae
623 3973 720 4022 sint
764 3988 825 4021 an
866 3971 1221 4037 suppositieiae.
1289 3971 1449 4020 Berol.
1486 3971 1641 4020 1815:
1676 3987 1769 4035 qua
1800 3970 2135 4020 dissertatione
2180 3970 2253 4019 uti
2286 3969 2405 4019 mihi

398 4084 494 4117 non
540 4068 704 4125 licuit,
743 4084 828 4117 nee
864 4066 1002 4117 licuit
1034 4066 1148 4116 item
1183 4067 1576 4125 Westermann03
1621 4067 1839 4117 laudatur
1873 4082 1985 4119 vero
2016 4066 2075 4117 ab
2104 4067 2403 4129 Hermanno,

397 4163 568 4215 Geoeh.
601 4164 685 4213 der
718 4163 841 4215 Plat.
878 4162 1002 4213 Phil.
1037 4180 1086 4229 p.
1122 4164 1233 4214 591.
1268 4168 1368 4213 not.
1405 4162 1519 4215 210.
