3025 5067
1594 352 1674 415 68

559 629 566 636 ,
619 561 955 625 concinnus
997 568 1060 626 et
1097 560 1430 647 impeditus
1465 566 1577 623 est.
1626 558 1896 623 Attende
1924 558 2494 631 hancsententiam:
2538 557 2644 622 ἔδον

618 678 677 742 δὲ
709 680 794 756 μὴ
826 678 1300 757 ξυμβουλεύηται
1334 717 1427 727 -
1455 678 1789 757 πεισόμενος
1810 730 1829 755 ,
1866 678 2221 753 αὐτόκλητος
2246 714 2337 725 --
2358 679 2457 741 οὐκ
2476 676 2647 756 ἔρχο-

619 822 766 876 μαι,
798 797 1143 876 βιασόμενος
1177 800 1236 863 δὲ
1271 798 1384 864 οὐδ’
1407 797 1478 863 ἂν
1513 798 1628 871 υἱὸς
1664 796 1854 880 ᾖμου.
1902 797 1981 861 In
2002 798 2235 881 protasi
2257 796 2381 861 duo
2406 818 2647 881 ponun-

619 925 723 980 tur
737 967 756 995 ,
807 930 1078 1011 'unumg
1115 918 1213 996 „si
1259 918 1398 1001 quis
1445 917 1693 981 omnino
1740 939 1866 980 non
1912 916 2179 981 consulit
2227 916 2559 1000 sapientem
2574 898 2643 993 ,”

620 1036 910 1101 alterum:
958 1037 1058 1115 „si
1103 1036 1368 1100 consulit
1415 1036 1693 1121 quidem,
1742 1042 1806 1099 at
1850 1057 1974 1099 non
2021 1034 2397 1118 obsequendi
2431 1034 2648 1098 volun-

618 1162 744 1219 tate
754 1154 815 1233 ;'’
832 1155 1118 1219 distincte
1141 1155 1290 1220 haec
1315 1155 1400 1219 sic
1425 1156 1830 1219 enuntiasset:
1850 1156 1949 1221 ἐὰν
1973 1155 2033 1219 δε
2055 1158 2140 1233 μη
2162 1154 2647 1234 ξυμβουλεύηταί

619 1298 714 1349 μοι
775 1273 845 1339 τό
909 1272 1223 1356 παράπαν,
1283 1273 2037 1351 ἢξυμβουλευόμενος
2082 1271 2331 1355 δῆλοςῇ
2389 1272 2643 1349 μηδαμῆ

621 1394 951 1470 πεισόμενος
981 1392 1452 1472 ξυμβουλεύοντι.
1501 1393 1619 1458 His
1642 1400 1845 1457 autem
1866 1394 1931 1459 in
1958 1392 2211 1479 apodosi
2234 1392 2649 1478 subjiciunter

620 1512 794 1576 haec:
844 1510 1196 1585 αὐτόκλητος
1228 1512 1323 1577 ἐπὶ
1361 1509 1459 1577 τὸν
1483 1517 1728 1577 τοιοῦτον
1757 1514 1857 1577 οὐκ
1888 1512 2168 1593 ἔρχομαιε
2205 1510 2281 1575 ad
2316 1534 2642 1595 quemnam

623 1636 855 1716 spectat
907 1614 1003 1695 τὸν
1057 1629 1346 1696 ‘movi-ov?
1406 1606 1701 1694 nimirum*
1758 1630 1833 1693 ad
1880 1630 2171 1715 priorem,
2225 1630 2323 1695 τὸν
2368 1632 2453 1707 μὴ
2496 1629 2647 1707 ξυμ-

621 1748 1058 1827 βουλευόμενον;
1133 1749 1300 1833 quod
1361 1755 1568 1814 autem
1633 1748 1805 1813 addit
1863 1748 2209 1828 βιασόμενος
2271 1750 2329 1813 δὲ
2398 1749 2510 1814 οὐδ’
2573 1746 2651 1813 ἂν

623 1868 737 1939 υἱὸς
783 1866 816 1949 ᾖ
863 1892 1006 1945 μου,
1057 1866 1134 1930 ad
1180 1890 1505 1951 quemnam
1551 1868 1667 1932 hoc
1714 1845 1991 1952 spectat?
2036 1890 2163 1931 non
2210 1890 2354 1931 sane
2386 1868 2461 1931 ad
2495 1890 2645 1931 eun·

624 1987 796 2051 dem:
862 1986 968 2070 qui
1013 1986 1175 2049 enim
1222 2008 1433 2071 cogere
1481 1987 1674 2071 possis
1691 2037 1710 2065 ,
1772 2009 1953 2072 quem
1998 2010 2075 2051 ne
2132 1986 2312 2052 adeas
2361 1985 2651 2071 quidem?

625 2105 732 2169 sed
786 2104 862 2168 ad
910 2104 1203 2182 alterum,
1251 2106 1350 2169 τὸν
1395 2104 1848 2198 ξυμβοολεύοντι
1893 2108 1977 2183 μη
2022 2106 2289 2171 ἐθέλοντα
2334 2105 2645 2170 πείθεσθαι.

623 2222 782 2286 Vide
849 2223 1072 2307 igitur,
1145 2245 1330 2307 quam
1397 2245 1616 2308 parum
1683 2223 1973 2287 distincte
2030 2231 2090 2287 et
2144 2223 2441 2288 concinne
2488 2224 2651 2307 cogi.-

625 2348 755 2405 tata
822 2342 1269 2419 enunciaverit,
1337 2362 1492 2427 quae
1561 2341 1719 2405 clare
1766 2341 1853 2406 sic
1900 2341 2105 2426 eloqui
2151 2349 2468 2427 potuerat:
2540 2340 2653 2419 „Si

627 2459 764 2543 quis
825 2470 934 2522 aut
990 2460 1236 2524 omnino
1291 2482 1388 2524 me
1435 2482 1561 2524 non
1608 2460 1877 2523 consulit
1922 2467 2031 2525 aut
2078 2460 2402 2524 consulens
2454 2467 2653 2523 osten-

629 2576 721 2641 dit
783 2599 846 2639 se
905 2577 1158 2662 obsequi
1201 2578 1354 2642 mihi
1397 2578 1593 2655 nolle,
1642 2578 1817 2643 illum
1863 2578 2029 2643 ultro
2075 2602 2200 2643 non
2247 2578 2397 2643 adeo
2415 2628 2433 2657 ,
2483 2578 2653 2643 hunc

633 2694 1046 2779 obtemperare
1105 2719 1230 2760 non
1292 2719 1477 2781 cog0,
1543 2719 1619 2761 ne
1680 2697 1732 2761 si
1786 2697 1951 2761 filius
1999 2698 2248 2782 quidem
2292 2720 2465 2761 meus
2511 2696 2655 2761 sit.”

633 2812 819 2895 Quod
867 2822 1072 2879 autem
1116 2816 1366 2880 inserit:
1415 2817 1593 2897 δούλῳ
1646 2816 1705 2881 δὲ
1751 2815 2259 2894 ξυμβουλεύσαιμῖ
2305 2816 2376 2881 ἂν
2422 2816 2523 2881 καὶ
2568 2817 2654 2893 μη

631 2932 897 2999 ἐθέλοντα
956 2957 1032 3011 γε
1091 2934 1546 3016 προσβιαζοίμην
1563 2986 1582 3018 ,
1648 2942 1739 2999 est
1801 2958 2043 3021 pannus
2098 2958 2224 2999 non
2270 2935 2470 2999 solum
2517 2935 2653 2998 inu-

629 3052 756 3117 tilis
773 3103 792 3131 ,
855 3053 962 3117 sed
1023 3053 1128 3137 qui
1199 3054 1380 3118 etiam
1435 3054 1595 3118 male
1641 3054 1877 3118 divellit
1921 3053 2097 3119 ambo
2146 3054 2295 3118 haec
2340 3053 2647 3118 membra:

631 3172 744 3237 οὐδ’
788 3169 862 3235 ἂν
905 3172 1021 3243 υἱὸς
1065 3170 1100 3253 ᾖ
1145 3195 1256 3248 μου
1302 3178 1362 3236 et
1406 3172 1638 3253 πατέρα
1670 3173 1717 3236 δ’
1743 3173 1777 3248 ἢ
1808 3170 2033 3252 μητέρα
2064 3174 2180 3253 οὐχ
2210 3170 2353 3237 ὅσιον
2386 3176 2645 3250 ἠγοῦμαι

633 3288 1120 3371 προσβιαζεσθαω
1199 3312 1462 3374 quorum
1539 3291 1845 3376 posterius
1928 3312 2107 3369 nemo
2192 3290 2529 3374 requireret
2605 3288 2658 3354 si

634 3405 902 3471 abesset:
973 3405 1140 3490 quod
1211 3408 1370 3472 enim
1439 3406 1505 3472 in
1574 3408 1770 3473 fllium
1838 3408 2031 3473 facere
2099 3408 2488 3486 reformideS,
2537 3407 2652 3471 hoc

633 3526 832 3590 multo
875 3525 1080 3590 minus
1127 3548 1270 3611 erga
1312 3534 1592 3612 parentes
1632 3527 1995 3591 committas,
2066 3525 2358 3612 Ineptum
2389 3550 2530 3592 vero
2562 3534 2652 3591 est

635 3643 800 3727 quod
861 3644 1101 3730 adjicit:
1164 3645 1213 3709 εἶ
1271 3647 1356 3724 μη
1413 3645 1553 3725 νόσῳ
1599 3644 2044 3729 παραφροσύνης
2093 3622 2401 3726 ἐχομένους
2419 3696 2438 3723 ,
2488 3645 2653 3729 quod

629 3762 912 3848 scriptori
962 3762 1268 3847 suggessit
1311 3763 1566 3828 fortasse
1610 3763 1783 3828 locus
1831 3763 1908 3828 de
1952 3763 2143 3849 Legg.
2191 3762 2321 3843 IX,
2378 3766 2502 3828 881
2562 3764 2651 3829 B:

631 3877 690 3952 ὃς
759 3878 832 3946 ἂν
888 3882 1157 3963 τολμήσῃ
1214 3880 1446 3964 πατέρα
1507 3882 1541 3955 ἢ
1595 3882 1823 3963 μητέρα
1874 3882 1907 3957 ἢ
1961 3881 2176 3947 τούτων
2229 3884 2487 3965 πατέρας
2553 3883 2651 3948 καὶ

634 3999 889 4078 μητέρας
956 3998 1232 4077 τύπτειν,
1294 4001 1379 4078 μὴ
1433 4000 1672 4076 μανίαις
1735 3999 2045 4082 ἕχόμενοςε
2110 4023 2321 4065 verum
2382 4024 2525 4099 erga
2567 4002 2657 4064 in-

633 4118 935 4182 sanientes
1008 4117 1220 4182 nullus
1290 4139 1485 4183 sermo
1555 4142 1683 4183 esse
1753 4125 1955 4204 potest
2021 4118 2098 4183 de
2168 4120 2295 4184 vita
2362 4120 2441 4183 ad
2505 4120 2655 4184 recti
