3025 5067
1622 424 1743 484 196

682 655 717 695 a
774 632 1005 697 verbis:
1075 631 1139 696 τὸ
1180 630 1257 701 ,δὲ
1309 629 1586 709 μέγιστον
1630 626 1765 710 ὅπερ
1809 627 2044 707 εἴπομεν
2089 630 2282 707 ὀλίγον
2339 633 2654 713 ἔμπροσθεν
2670 684 2686 705 ,

676 750 761 816 ὅτι
822 752 965 816 δυοῖν
1022 749 1192 815 ὄντων
1252 771 1447 833 usque
1508 748 1585 812 ad
1641 748 1790 812 haec
1849 748 2062 812 verba:
2117 749 2314 826 ἀλλ’ἢ
2361 754 2533 832 ψυχὴ
2575 758 2683 818 τοῦ

675 870 1016 950 γράψαντος
1064 870 1095 945 ἢ
1134 867 1409 944 λέξαντος
1448 868 1773 947 ἐλέγχεται
1819 874 2121 948 πεφυκυῖαι
2165 874 2427 944 Φαυλῶς.
2472 870 2678 934 Etiam

676 988 775 1051 hic
819 986 987 1051 locus
1034 985 1231 1050 verbis
1279 993 1339 1050 et
1377 988 1668 1071 junctura
1713 986 1798 1049 ita
1843 986 2172 1071 impeditus
2219 994 2342 1065 est,
2392 995 2464 1052 ut
2501 1011 2682 1073 aegre

674 1128 917 1170 sensum
949 1105 1241 1190 expiscari
1271 1106 1465 1190 possis
1491 1132 1505 1168 :
1557 1105 1755 1169 ubivis
1800 1104 2060 1168 incurris
2105 1106 2170 1169 in
2201 1104 2473 1169 Platonis
2505 1107 2688 1170 vesti-

672 1225 804 1308 gia,
849 1223 953 1288 sed
989 1224 1160 1287 filum
1191 1231 1252 1287 et
1283 1222 1556 1287 ordinem
1589 1222 1752 1286 haud
1784 1223 1958 1287 facile
1984 1225 2216 1287 cernas·
2264 1222 2505 1287 Summa
2547 1246 2684 1287 sen-

670 1344 896 1407 tentiae
940 1341 1224 1406 inanibus
1268 1341 1503 1405 nudata
1548 1340 1745 1405 verbis
1786 1349 1846 1405 et
1885 1343 2087 1426 aptius
2126 1342 2328 1406 vincta
2366 1342 2513 1405 haec
2550 1352 2678 1406 est:

670 1460 857 1539 „Duo
888 1468 1033 1524 sunt
1061 1482 1266 1524 rerum
1298 1482 1535 1544 genera,
1567 1460 1634 1524 τὸ
1657 1458 1713 1524 ὃν
1745 1468 1807 1524 et
1835 1460 1900 1523 τὸ
1930 1460 2084 1524 ποῖόν
2108 1485 2183 1525 τι.
2232 1460 2490 1524 Animus
2521 1460 2585 1525 τὸ
2617 1459 2680 1523 ὃν

672 1552 1027 1662 anquirens,
1054 1579 1171 1642 nisi
1192 1584 1301 1643 τῶν
1332 1579 1621 1658 τεττάρων
1644 1576 1884 1644 ἕκαστον
1915 1579 1977 1661 (i.
2005 1601 2056 1642 e.
2081 1583 2190 1643 τῶν
2214 1579 2374 1659 τρίων
2396 1576 2642 1644 ἕκαστον
2658 1631 2677 1654 ,

670 1722 772 1783 np.
812 1696 1013 1789 ὄνομα,
1053 1697 1228 1774 λόγον
1244 1747 1261 1774 ,
1309 1697 1562 1781 εἴδωλον)
1611 1697 1989 1781 exploratum
2037 1696 2255 1761 habeat
2285 1704 2406 1761 tam
2437 1698 2680 1761 ratione

671 1839 852 1900 quam
892 1816 1259 1900 experientia
1289 1823 1349 1880 et
1380 1815 1656 1879 sensibus
1674 1865 1693 1899 ,
1725 1815 1790 1879 in
1821 1816 2083 1879 maxima
2115 1815 2510 1901 ambiguitate
2551 1838 2683 1879 ver-

670 1943 838 1998 satur
882 1941 965 1999 et'
988 1934 1262 2019 caligine.
1312 1932 1438 2013 Qui
1485 1934 1615 1997 sola
1644 1956 1846 1998 rerum
1876 1934 2088 1999 εἴδωλα
2119 1941 2428 1998 sectantur
2473 1957 2680 2017 neque

668 2054 890 2117 assueti
938 2060 1081 2125 sunt
1122 2060 1385 2137 quatuor
1415 2054 1578 2136 (tria)
1622 2053 1731 2117 illa
1775 2061 2086 2132 excutere,
2120 2053 2185 2117 in
2229 2048 2594 2139 disputando
2641 2077 2680 2116 a

668 2172 873 2256 peritis
902 2171 1206 2255 luduntur
1222 2197 1239 2249 ;
1275 2171 1381 2235 ubi
1414 2171 1489 2235 de
1522 2172 1736 2255 quinto
1769 2172 1867 2255 (de
1900 2174 2059 2257 ente)
2091 2172 2423 2256 quaeritur,
2457 2173 2520 2235 in
2552 2172 2680 2235 dis-

664 2290 912 2354 serendo
974 2313 1009 2353 a
1067 2289 1247 2353 docto
1294 2289 1571 2373 quolibet
1615 2290 2083 2375 redarguuntur.
2146 2289 2414 2354 -Indocti
2462 2297 2674 2352 autem

662 2409 809 2472 haec
856 2407 1169 2472 audientes
1231 2407 1476 2493 culpam
1522 2409 1802 2473 tribuunt
1847 2431 1971 2472 non
2018 2430 2220 2472 rerum
2267 2407 2666 2485 obscuritati,

661 2527 766 2591 sed
818 2527 1166 2591 disserentis
1214 2506 1557 2591 inscitiae.”
1646 2526 1742 2591 En
1789 2526 1991 2591 denuo
2053 2527 2133 2592 τὰ
2179 2526 2437 2607 τέτταρα
2491 2532 2552 2588 et
2593 2527 2670 2589 τὸ

660 2646 959 2722 πέμπτονε
1009 2645 1166 2708 idem
1205 2645 1479 2737 lusus-in
1517 2647 1884 2731 usurpandis
1917 2647 2220 2723 numeriS‚
2261 2647 2436 2709 cuius
2477 2668 2667 2729 supra

650 2765 777 2848 jam
835 2764 1014 2848 plura
1072 2786 1146 2827 ex
1204 2763 1315 2828 hac
1372 2764 1628 2849 epistola
1673 2765 1949 2850 exempla
1995 2764 2178 2828 attuli
2222 2764 2367 2849 (vid.
2416 2787 2475 2849 p.
2525 2766 2662 2847 35).

656 2881 857 2947 Etiam
902 2882 1078 2946 Plato
1117 2882 1299 2947 habet
1330 2883 1674 2948 istiusmodi
1707 2883 2062 2967 partitiones
2085 2884 2352 2947 numeris
2383 2892 2620 2947 notatas
2639 2934 2662 2961 ,

655 3007 727 3063 ut
769 3001 833 3064 in
878 3000 1115 3065 Phileb.
1162 3024 1222 3085 p.
1275 3002 1377 3065 66.
1442 3001 1518 3065 de
1560 3001 1750 3086 Legg.
1799 3000 1901 3078 II,
1963 3026 2022 3087 p.
2074 3004 2198 3065 690
2235 3003 2338 3079 ·A,
2391 3003 2516 3063 696
2563 2999 2660 3077 Ε;

653 3116 747 3195 V,
794 3142 854 3204 p.
906 3120 1030 3184 728
1078 3118 1171 3197 D,
1224 3120 1348 3184 733
1396 3117 1481 3197 C,
1534 3121 1658 3185 741
1707 3119 1799 3197 D;
1848 3142 2057 3183 verum
2102 3126 2306 3183 noster
2348 3120 2436 3182 ita
2479 3141 2663 3203 argu·

651 3244 819 3301 tatur
893 3245 964 3301 ut
1038 3259 1149 3322 pro
1216 3236 1375 3322 ipsis
1423 3260 1628 3302 rerum
1687 3238 1998 3303 vocabulis
2073 3260 2358 3303 numeros
2430 3245 2618 3322 ponat
2636 3287 2657 3315 ,

652 3356 827 3439 quasi
887 3356 951 3419 in
1014 3356 1107 3419 his
1154 3356 1361 3420 abdita
1406 3356 1702 3440 quaedam
1749 3357 2108 3441 significatio
2155 3357 2318 3420 insit.

739 3472 1022 3538 Ceterum
1068 3473 1215 3539 haec
1270 3482 1330 3538 et
1377 3496 1531 3558 quae
1578 3474 1860 3559 deinceps
1915 3474 2308 3560 disputantur
2351 3496 2544 3557 usque
2575 3474 2658 3536 ad

650 3589 831 3655 verba
872 3615 932 3676 p.
983 3594 1111 3655 344
1157 3591 1210 3655 B
1228 3641 1247 3670 ‚
1294 3591 1601 3672 ἐξέλαμψε
1626 3592 1905 3675 ’φρόνησις
1937 3594 2061 3673 περὶ
2093 3590 2332 3657 ἕκαστον
2362 3592 2460 3655 καὶ
2490 3597 2610 3660 νοῦς
2633 3644 2654 3667 ,

647 3706 941 3783 ξυντείνων
996 3708 1079 3774 ὅτι
1126 3708 1371 3787 μάλιστ’
1408 3712 1487 3781 εἷς
1529 3708 1767 3785 δύναμιν
1819 3711 2192 3791 ἀνθρωπίνην,
2255 3716 2529 3794 spectant
2575 3710 2658 3773 ad

650 3824 1024 3891 dialecticam
1040 3854 1057 3905 3
1119 3828 1341 3913 quibus
1401 3829 1776 3905 ostenditur,
1826 3851 1926 3893 eos
1974 3830 2081 3913 qui
2125 3828 2308 3893 rudes
2355 3830 2476 3891 sint
2521 3828 2656 3891 eius

650 3945 1003 4030 disciplinae
1049 3970 1084 4010 a
1128 3948 1336 4032 peritis
1381 3947 1558 4012 facile
1601 3947 1734 4011 falli
1765 3955 1826 4011 et
1854 3948 2124 4012 ludibrio
2157 3947 2401 4025 haberi,
2443 3954 2658 4010 contra

638 4062 757 4148 qui
810 4064 925 4127 rite
970 4065 1082 4128 hac
1137 4072 1263 4129 arte
1307 4066 1592 4130 instructi
1637 4073 1697 4130 et
1743 4067 2052 4129 exercitati
2098 4066 2410 4129 veritatem
2441 4065 2658 4149 anqui-

648 4188 787 4246 rant
803 4232 821 4261 ‚
883 4183 978 4245 his
1037 4191 1338 4267 postremo
1400 4184 1685 4248 scientiae
1745 4184 1949 4248 lumen
1996 4184 2298 4269 affulgere.
2389 4184 2428 4247 J
2431 4206 2525 4247 am
2574 4182 2656 4247 de
