3025 5067
1239 433 1355 494 137

287 636 511 720 junxit
570 660 709 701 cum
769 638 1036 722 Archyta
1095 636 1350 720 aliisque
1395 637 1788 722 Pythagoreis
1806 685 1824 715 ,
1871 636 2013 700 inde
2058 635 2306 699 domum

299 756 512 820 rediit.
606 756 771 820 Haec
818 764 909 819 est
953 777 1188 820 summa
1233 776 1434 818 eorum
1487 777 1641 838 quae
1686 753 1761 818 de
1799 755 2063 819 secundo
2094 753 2307 817 itinere

299 873 376 936 in
423 875 626 938 aulam
671 873 951 958 Dionysii
995 873 1059 936 in
1107 873 1362 957 epistola
1408 879 1835 937 memorantur.

404 992 578 1072 Quae
618 993 702 1056 ibi
748 992 1006 1058 breviter
1035 998 1403 1076 tanguntur,
1453 992 1693 1076 plenius
1740 991 2007 1076 exposita
2052 989 2308 1074 legimus

303 1112 481 1196 apud
545 1112 862 1175 historicos
876 1161 894 1189 ,
965 1134 998 1175 e
1064 1111 1286 1195 quibus
1355 1111 1672 1188 discimus,
1736 1111 2105 1174 simultatem
2152 1108 2309 1172 inter

299 1231 570 1295 Dionem
632 1238 690 1294 et
751 1230 1010 1294 alterum
1056 1229 1416 1314 Dionysium
1463 1250 1587 1292 non
1632 1237 1871 1294 tantum
1918 1228 2309 1292 calumniato-

300 1372 449 1412 rum
515 1348 817 1425 διαιβολικῖς
886 1347 1203 1412 excitatam
1273 1370 1399 1411 esse
1415 1397 1432 1424 ,
1503 1346 1610 1410 sed
1671 1348 1795 1432 jam
1862 1355 2001 1411 ante
2054 1352 2308 1411 mortem

299 1467 590 1551 Dionysii
647 1467 888 1530 maioris
947 1467 1104 1530 inter
1149 1465 1354 1530 ambos
1399 1466 1849 1530 contentionem
1902 1489 2029 1535 esse
2075 1473 2268 1542 ortam
2285 1514 2303 1542 ,

306 1606 506 1668 quum
553 1584 672 1648 Dio
718 1584 888 1668 regni
933 1585 1368 1648 successionem
1415 1583 1633 1648 minori
1678 1583 1969 1668 Dionysio
2014 1583 2311 1667 surripere

307 1711 378 1766 et
424 1703 870 1767 Aristomaches
918 1703 1138 1766 sororis
1170 1725 1314 1767 suae
1360 1701 1500 1766 filiis
1532 1702 1853 1767 conciliare
1882 1709 2199 1766 conaretur
2215 1727 2233 1779 ς
2265 1702 2309 1785 ¹)

307 1845 474 1906 quae
533 1823 807 1886 simultas
869 1822 1129 1906 primum
1177 1822 1408 1906 sopita,
1455 1844 1629 1899 mox,
1677 1822 2002 1906 instigante
2055 1821 2312 1884 maxime

306 1940 575 2005 Philisto
590 1990 609 2018 ,
673 1941 780 2024 (1111
823 1963 1018 2026 nuper
1062 1941 1136 2004 ab
1183 1941 1392 2004 exsilio
1439 1939 1762 2025 Syracusas
1801 1947 2113 2004 revocatus
2152 1946 2307 2017 erat,

309 2061 383 2124 in
452 2067 724 2145 apertum
794 2059 1000 2124 odium
1070 2059 1286 2144 erupit.
1381 2059 1715 2143 Praecipua
1757 2058 1879 2122 irae
1932 2080 2114 2122 causa
2159 2057 2306 2136 fuit,

311 2177 485 2262 quod
545 2178 837 2279 Dionysio
895 2177 1152 2242 traditae
1212 2184 1383 2242 erant
1438 2177 1648 2242 literae
1702 2200 1735 2241 a
1794 2177 1992 2242 Dione
2048 2177 2125 2241 ad
2171 2175 2312 2241 Car-

311 2298 795 2382 thaginiensium
851 2297 1181 2382 praefectos
1227 2298 1446 2361 missae
1464 2346 1482 2374 ‚
1533 2296 1757 2381 quibus
1813 2319 1913 2360 eos
1959 2296 2317 2362 hortabatur

313 2441 397 2482 110
451 2417 579 2481 sine
623 2438 736 2480 sua
775 2416 1200 2480 intercessione
1246 2438 1384 2480 cum
1429 2424 1684 2500 tyranno
1714 2399 1927 2481 foedus
1950 2416 2232 2480 facerent.
2266 2415 2312 2499 ²)

323 2535 505 2600 Hanc
557 2533 634 2598 ob
679 2557 802 2625 rem
852 2535 926 2600 ab
970 2534 1079 2599 illo·
1122 2535 1424 2621 relegatus
1471 2543 1581 2600 est.
1674 2538 1943 2620 Apparet
1986 2535 2175 2620 igitur
2213 2534 2318 2598 Di-

323 2633 602 2739 onysium
645 2675 770 2718 non
813 2654 901 2717 ita
943 2653 1239 2717 immerito
1286 2677 1322 2718 a
1366 2655 1565 2719 Dione
1614 2654 1728 2719 sibi
1769 2655 2090 2731 metuisse,
2124 2675 2315 2737 quum

323 2772 582 2858 epistola
630 2795 756 2836 rem
799 2772 888 2836 ita
930 2781 1260 2858 proponat,
1309 2773 1484 2857 quasi
1536 2773 1856 2837 discidium
1887 2772 2043 2837 illud
2074 2771 2314 2857 tyranni

325 2897 567 2954 tantum
612 2890 826 2975 culpae
872 2889 1261 2955 tribuendum
1307 2890 1405 2955 sit.

415 3007 601 3088 Quod
631 3007 806 3073 Plato
837 3007 1016 3072 dicit:
1044 3007 1258 3084 ,Δίωνα
1303 3008 1620 3079 Διονύσιος.
1649 3060 1662 3075 .
1694 3060 1707 3074 .
1754 3009 1985 3089 σμικρὸν
2023 3009 2101 3080 εἰς
2124 3015 2318 3074 πλοῖον

329 3126 676 3204 ἐμβιβάσας
720 3125 1002 3203 ἐξέβαλεν
1061 3127 1283 3203 ἀτίμως
1303 3178 1320 3202 ,
1368 3127 1432 3190 1(1
1478 3127 1746 3191 concinit
1790 3150 1927 3191 cum
1980 3127 2318 3191 narratione
2412 3175 2419 3186 .

328 3245 592 3324 Timaei,
641 3266 819 3328 quem
865 3245 978 3308 hac
1023 3244 1086 3308 in
1131 3267 1194 3309 re
1239 3252 1480 3310 secutus
1529 3253 1620 3310 est
1664 3245 2028 3310 Plutarchus
2044 3294 2062 3324 ,
2111 3268 2162 3309 c.
2203 3247 2317 3308 14:

327 3365 524 3447 εὐθὺς,
570 3365 643 3436 ὦς
703 3358 862 3444 εἶχε,
911 3363 1132 3441 θέμενος
1177 3364 1415 3449 (Δίωνα)
1473 3365 1553 3436 εἰς
1617 3345 1941 3443 dudi-nov,
2004 3362 2319 3444 προσέταξε

396 3635 444 3695 1)
476 3635 731 3700 Dionysius
763 3634 914 3684 maior
946 3633 1060 3684 duas
1093 3633 1257 3683 habuit
1289 3647 1486 3693 uxores,
1522 3633 1720 3684 alteram
1756 3633 2028 3693 Locridem,
2067 3651 2092 3682 e
2114 3649 2205 3698 qua
2222 3637 2321 3684 tres

327 3729 467 3779 liberi
501 3729 544 3779 ei
578 3731 796 3790 fuerunt,
831 3728 880 3780 in
915 3729 988 3778 his
1021 3727 1276 3793 Dionysius
1292 3765 1308 3788 ,
1340 3728 1537 3780 alteram
1573 3729 1957 3788 Aristomachen,
1990 3729 2159 3778 Dionis
2195 3746 2324 3779 soro-

327 3841 455 3885 rem,
491 3841 609 3890 (11100
643 3826 759 3874 duos
793 3826 913 3874 filios
945 3824 1237 3889 totidemque
1271 3824 1390 3874 filias
1413 3825 1457 3874 ei
1474 3825 1660 3890 peperit
1682 3826 1831 3888 (Plut.
1856 3841 1897 3876 c.
1922 3827 1966 3874 6.
1990 3825 2176 3889 Nepos,
2198 3841 2239 3875 c.
2257 3826 2321 3887 2).

397 3922 444 3981 2)
479 3921 719 3971 Plutarch.
749 3939 790 3970 0.
816 3923 894 3970 14.
928 3920 1069 3970 Dioni
1096 3935 1204 3969 cum
1231 3919 1492 3970 Poenorum
1529 3921 1725 3991 ducibus
1758 3921 1901 3970 fuisse
1934 3921 2322 3971 necessitudinem

330 4021 525 4081 apparet
574 4033 629 4066 ex
680 4033 735 4066 eo
785 4017 935 4080 quod,
971 4032 1114 4082 quum
1149 4019 1310 4078 postea
1341 4016 1391 4064 in
1426 4016 1635 4065 Siciliam
1668 4015 1845 4066 bellum
1878 4016 2102 4075 inferret,
2136 4017 2195 4066 ad
2228 4016 2324 4066 Mi-

330 4130 468 4164 noam
503 4114 752 4178 appulsus,
787 4113 978 4178 adjutus
1009 4118 1082 4163 est
1113 4130 1140 4162 0
1173 4114 1443 4163 Poenorum
1477 4114 1596 4162 duce
1629 4113 1823 4172 Paralo,
1860 4117 1913 4162 111
1947 4112 2187 4162 Diodorus
2214 4129 2322 4163 eum

331 4209 572 4268 nominat,
609 4213 663 4258 111
695 4209 978 4260 Plutarchus
1011 4225 1052 4259 c.
1087 4209 1178 4268 25,
1212 4208 1412 4272 Synalo,
1446 4224 1646 4273 quocum
1681 4208 1726 4258 ei
1760 4208 2017 4273 hospitium
2054 4211 2171 4257 0101.
2230 4251 2237 4262 ,
