3025 5067
1395 353 1426 413 7

403 560 815 637 consentiunt,
849 561 1113 645 primum
1139 560 1342 625 locum
1367 568 1574 625 tenere
1596 559 1940 646 Epistolam
1964 556 2113 635 VII,
2147 558 2419 642 proxime

405 680 550 743 huic
612 679 892 744 accedere
953 679 1058 743 III
1119 687 1180 743 et
1239 679 1404 743 VIII
1414 708 1432 759 3
1498 703 1648 764 quas
1703 688 1825 743 tres
1881 678 2167 763 epistolas
2216 676 2419 739 Plato-

405 800 502 863 nis
571 799 959 862 familiarium
1029 799 1212 863 alicui
1273 800 1541 863 tribuere
1603 822 1724 861 non
1790 797 2033 861 dubitat
2092 796 2378 859 Salomon
2398 846 2415 873 ,

406 916 792 979 Hei-mannus
855 924 1217 1001 postremam
1281 918 1526 995 eximit,
1584 939 1769 1000 quam
1815 939 1851 979 a
1894 915 2136 979 falsario
2182 915 2421 979 concin-

403 1043 611 1099 natam
679 1043 872 1121 putat.
963 1036 1040 1099 In
1100 1044 1437 1101 ceterarum
1498 1036 1618 1099 fide
1679 1046 1741 1101 et
1787 1037 1983 1120 pretio
2030 1035 2418 1098 aestimandis

405 1155 764 1240 discrepant.
833 1155 1121 1220 Salomon
1167 1156 1472 1241 Epistolas
1503 1154 1618 1234 IV,
1652 1155 1748 1219 IX
1766 1206 1783 1233 ,
1818 1155 1879 1219 X
1916 1155 2229 1239 anteponit
2278 1153 2421 1239 Epi-

403 1273 575 1336 stolis
619 1272 720 1351 II,
769 1273 896 1352 VI,
943 1274 1074 1352 XI,
1122 1274 1290 1353 XII,
1341 1274 1540 1352 XIII,
1591 1297 1741 1357 quas
1775 1274 1999 1360 pejoris
2030 1279 2211 1336 notae
2244 1271 2421 1335 aesti-

401 1406 531 1455 mat
547 1418 564 1469 ;
612 1392 1000 1457 Hermannus
1046 1403 1258 1457 contra
1301 1393 1454 1479 Epp.
1505 1392 1610 1471 II,
1645 1392 1725 1470 V,
1760 1392 1855 1457 VI
1898 1392 2146 1457 meliore
2178 1391 2254 1454 de
2284 1390 2418 1453 luto

402 1534 533 1575 esse
568 1511 806 1596 judicat
850 1534 1034 1596 quam
1079 1512 1176 1576 IX
1207 1520 1268 1576 et
1299 1512 1378 1575 X.
1431 1512 1702 1597 Uterque
1735 1535 1945 1576 eorum
1976 1510 2313 1596 Epistolam
2347 1507 2416 1587 I,

402 1630 688 1695 Salomon
757 1631 940 1694 etiam
1008 1630 1066 1689 V
1133 1653 1257 1695 non
1325 1630 1600 1694 Platonis
1618 1680 1637 1709 ,
1710 1630 1814 1695 sed
1884 1629 2102 1693 Dionis
2172 1628 2419 1692 nomine

402 1750 852 1813 inscribendam
897 1756 1136 1827 censet;
1187 1750 1262 1813 de
1308 1772 1431 1833 quo
1478 1750 1654 1812 infra.

492 1866 678 1948 Quod
738 1868 815 1931 ad
875 1867 1006 1931 VII
1050 1867 1391 1953 Epistolam
1439 1868 1692 1945 attinet,
1743 1866 1891 1931 haec
1940 1866 2015 1930 ab
2064 1865 2419 1929 Hermanno

403 1987 786 2072 praedicatur
843 1988 1083 2051 illustre
1142 1994 1645 2064 monumentum,
1693 1987 1757 2050 in
1806 2008 1928 2069 quo
1975 1984 2247 2048 Platonis
2293 1984 2421 2047 vita

405 2113 469 2169 et
511 2105 828 2189 ingenium
873 2129 1010 2170 vere
1057 2114 1204 2170 sunt
1251 2128 1548 2191 expressa.
1589 2107 1633 2189 ¹)
1681 2103 1883 2167 Causa
1911 2126 2021 2167 cur
2052 2126 2182 2167 eam
2215 2109 2417 2166 tamen

406 2224 651 2287 Platoni
712 2224 1054 2310 abjudicat,
1126 2225 1331 2310 potius
1393 2232 1485 2289 est
1547 2223 1715 2308 quod
1775 2222 2163 2308 scriptionem
2223 2221 2417 2306 ipsius

405 2365 696 2429 personae
771 2344 975 2407 minus
1053 2342 1565 2407 accommodatam
1583 2392 1601 2421 ,
1682 2365 1864 2426 quam
1937 2339 2104 2425 quod
2171 2340 2418 2424 ingenio

401 2462 716 2547 indignam
746 2526 750 2537 ,
779 2468 1004 2526 censet.
1090 2460 1234 2526 Non
1280 2469 1485 2526 tamen
1533 2461 1679 2525 satis
1725 2460 2047 2546 perspicua
2093 2466 2203 2523 aut
2248 2460 2421 2522 firma

402 2588 760 2664 argumenta
827 2580 1071 2658 attulit,
1141 2603 1268 2659 cur,
1342 2581 1394 2643 si
1462 2580 1736 2644 Platonis
1806 2600 2099 2664 personae
2161 2576 2418 2662 epistola

400 2721 617 2783 parum
661 2707 1068 2763 consentanea
1113 2698 1436 2777 habeatur,
1487 2698 1672 2762 alicui
1718 2697 2107 2761 familiarium
2156 2698 2285 2781 ejus
2318 2698 2421 2760 tri-

401 2818 660 2895 buatur,
727 2825 836 2881 aut
895 2820 945 2881 si
1008 2818 1194 2903 digna
1253 2818 1378 2882 sint
1420 2818 1712 2902 magistro
1760 2816 1953 2879 oratio
2000 2828 2063 2879 et.
2106 2837 2422 2899 argumen-

401 2941 569 3013 tum,
633 2958 742 2999 cur
801 2958 924 2999 non
988 2936 1108 3021 ipsi
1151 2937 1358 3021 potius
1406 2959 1591 3020 quam
1654 2934 1956 3020 discipulo
2019 2934 2418 2997 adscribatur.

405 3052 594 3117 Porro
657 3063 861 3119 autem
876 3105 896 3134 ,
960 3056 1012 3119 si
1056 3056 1205 3119 haec
1253 3056 1510 3141 epistola
1554 3054 1801 3119 Platoni
1857 3054 2204 3119 vindicatur
2219 3104 2237 3132 ,
2287 3052 2423 3117 reli-

405 3194 666 3255 quarum
734 3174 1066 3239 nonnullae
1135 3182 1296 3239 certe
1362 3197 1488 3239 non
1556 3181 1798 3239 tantum
1869 3173 1944 3237 ab
2012 3172 2122 3235 illa
2191 3172 2424 3236 distant

407 3298 708 3375 quantum
753 3293 928 3356 nothi
975 3301 1038 3358 et
1082 3294 1276 3378 spurii
1320 3293 1537 3357 fratres
1584 3316 1619 3357 a
1663 3314 1969 3377 germano.
2042 3289 2253 3371 Quare
2298 3313 2423 3354 non

404 3410 749 3473 mirandum
811 3412 996 3489 foret,
1047 3411 1098 3475 si
1142 3412 1312 3476 illius
1359 3418 1718 3497 argumenta
1761 3410 1990 3475 multos
2040 3410 2425 3495 impellerent

401 3672 594 3721 nomine
639 3673 780 3737 vulgo
815 3673 1061 3733 feruntur,
1096 3674 1230 3737 Spec.
1265 3672 1371 3723 crit.
1423 3673 1587 3722 Gissae
1624 3673 1769 3722 1828.
1838 3674 1941 3723 Hoc
1988 3678 2146 3723 tamen
2181 3673 2408 3738 opusculo

400 3766 520 3815 mihi
557 3767 628 3816 uti
657 3784 753 3817 non
776 3768 941 3827 licuit,
970 3784 1056 3817 nec
1078 3769 1228 3833 magis
1249 3769 1398 3818 altera
1419 3767 1682 3817 Hermanni
1706 3768 1990 3833 scriptione,
2012 3768 2170 3818 Ueber
2193 3768 2406 3817 Platon's

401 3861 708 3912 Schriftstell.
741 3863 942 3912 Motive.
991 3862 1256 3927 Epistulam
1290 3864 1341 3911 II
1374 3863 1629 3927 diligenter
1652 3863 1942 3913 examinavit
1971 3863 2199 3928 Wiegand
2214 3901 2227 3922 ,
2262 3864 2408 3927 Symb

402 3959 526 4009 erit.
558 3960 610 4009 in
643 3959 768 4009 Plat.
801 3960 892 4029 Ep.
928 3960 994 4010 11.
1043 3960 1276 4009 Wormat.
1314 3960 1457 4009 1854.

468 4056 516 4117 1)
547 4055 774 4121 Appellat
815 4072 918 4105 eam
955 4056 1066 4115 „ein
1097 4055 1452 4105 authentisches
1485 4056 1757 4105 Document
1789 4055 1869 4104 fur
1903 4054 2085 4105 Plato’s
2118 4050 2304 4105 aussbre
2328 4055 2425 4107 und

398 4150 563 4201 innere
594 4150 1105 4216 labensgeschichtel'
1139 4168 1186 4217 p.
1219 4150 1332 4199 424.
2051 4134 2061 4141 ’
