3025 5067
1222 416 1299 479 17

249 622 556 704 profectae
595 624 672 707 1);
721 623 1098 709 probabilius
1146 632 1346 687 tamen
1394 631 1519 686 tam
1568 623 1645 688 ob
1693 624 1849 691 hanc
1880 624 2073 709 ipsam
2106 624 2268 688 simi-

249 738 575 806 litudinem
621 765 805 826 quam
852 743 930 807 ob
978 742 1448 828 discrepantiam
1494 744 1933 808 nonnullarum
1964 744 2233 829 partium
2248 795 2265 822 ,

247 882 351 931 eas
398 860 652 925 diversis
700 861 1023 947 opificibus
1069 884 1197 925 esse
1228 862 1585 927 tribuendas
1617 869 1813 927 aetate
1846 886 1971 927 non
2002 864 2267 927 multum

249 978 620 1044 distantibus
638 1030 654 1057 ,
706 1004 968 1065 quorum
1017 982 1378 1066 posteriores
1435 982 1693 1067 primam
1740 983 2059 1067 epistolam
2092 982 2263 1067 (VII)

251 1099 532 1183 supplere
586 1108 646 1163 et
691 1101 1058 1186 amplificare
1106 1100 1223 1166 sibi
1282 1102 1731 1185 proposuerint.

339 1334 392 1398 E
453 1336 702 1421 reliquis
765 1338 1030 1423 primum
1089 1338 1155 1401 in
1217 1359 1468 1401 censum
1530 1337 1786 1402 veniunt
1831 1338 2145 1423 Epistolae
2192 1338 2225 1401 Ι
2243 1390 2262 1417 ,

250 1454 356 1533 Π,
405 1455 572 1520 ΧΙΠ
615 1464 676 1520 et
720 1456 848 1534 IV,
898 1480 1158 1547 quarum
1204 1463 1325 1520 tres
1374 1456 1600 1541 priores
1648 1458 1972 1543 inscriptae
2012 1467 2157 1522 sunt
2188 1458 2265 1521 ad

250 1573 644 1659 Dionysium,
694 1575 914 1639 ultima
959 1575 1036 1639 ad
1081 1575 1360 1639 Dionem.
2316 1580 2324 1586 “

337 1691 576 1757 Harum
629 1690 922 1778 'Epistola
983 1693 1051 1757 H
1095 1694 1323 1771 forma,
1372 1693 1572 1758 colore
1620 1701 1682 1757 et
1728 1703 2086 1779 argumento
2128 1717 2264 1779 pro-

250 1810 444 1889 xime,
495 1812 609 1874 etsi
654 1812 820 1875 haud
867 1834 1053 1897 parvo
1097 1812 1416 1876 intervallo
1433 1862 1451 1889 ,
1501 1812 1735 1876 accedit
1782 1814 1857 1875 ad
1900 1812 2051 1889 ‚VIL
2102 1812 2263 1876 Nam

251 1937 322 1992 ut
385 1929 524 2007 III,
584 1930 713 1994 VII
767 1938 827 1993 et
871 1930 1070 2008 VIII,
1118 1932 1204 1993 ita
1251 1932 1397 1995 haec
1454 1953 1700 2015 quoque
1745 1930 1986 2015 longior
2032 1939 2156 2008 est,
2207 1940 2267 1995 et
2314 1982 2321 1985 -

44 2116 46 2123 ,
149 2046 154 2051 ’
249 2048 430 2113 stilus
487 2072 693 2113 earum
747 2056 990 2113 tantum
1038 2049 1226 2113 distat
1281 2049 1355 2114 ab
1418 2049 1729 2135 epistolari
1776 2050 2079 2115 scribendi
2124 2052 2267 2115 rati-

253 2190 404 2246 one,
467 2176 542 2233 ut
587 2170 650 2232 in
697 2192 796 2233 eas
844 2192 1051 2233 omnes
1099 2169 1357 2253 quadret
1401 2170 1466 2233 id
1513 2170 1679 2253 quod
1725 2169 2057 2254 Dionysius
2099 2170 2267 2233 Hali-

251 2287 658 2350 carnassensis
706 2287 856 2351 dicit
894 2286 1009 2371 (De
1041 2288 1100 2350 vi
1132 2287 1248 2351 dic.
1285 2286 1603 2351 Demosth.
1638 2311 1697 2373 p.
1739 2290 1964 2372 1027),
1991 2288 2269 2371 Platonis-

249 2404 538 2488 epistolas
585 2404 788 2488 potius
836 2404 1226 2489 appellandas
1273 2428 1402 2469 esse
1445 2405 1798 2485 δημηγορίας
1830 2428 2015 2489 quam
2047 2406 2265 2491 episto-

247 2523 372 2587 las:
437 2545 646 2587 omnes
691 2524 952 2607 scriptae
997 2531 1142 2587 sunt
1189 2548 1314 2589 non
1360 2530 1433 2588 ut
1478 2547 1512 2587 a
1558 2523 1841 2588 familiari
1885 2524 1963 2587 ad
2006 2524 2260 2589 familia-

248 2664 415 2718 rem,
463 2642 569 2706 sed
613 2642 803 2705 veluti
849 2642 1186 2707 destinatae
1218 2643 1385 2707 utin
1414 2641 1734 2727 publicum
1766 2642 2105 2708 ederentur.
2156 2647 2265 2707 Ar-

247 2767 611 2843 gumentum
677 2766 881 2824 autem
934 2760 1247 2845 Epistolae
1293 2759 1363 2823 II
1433 2761 1483 2823 si
1554 2768 1821 2845 specteS,
1870 2762 1991 2825 tale
2041 2768 2131 2824 est
2192 2772 2265 2825 ut

248 2900 496 2961 prorsus
543 2900 576 2941 e
622 2877 752 2941 VII
798 2879 1172 2963 profluxerit.
1223 2877 1400 2959 Quae
1431 2880 1496 2943 in
1528 2879 1641 2943 hac
1689 2877 1979 2943 dicuntur
2026 2878 2101 2943 de
2132 2904 2265 2965 pro-

245 2996 510 3060 fectione
571 2998 638 3060 in
699 2997 900 3061 aulam
946 2998 1260 3083 Dionysii,
1317 2998 1392 3061 de
1436 2998 1667 3062 invidia
1712 3000 2049 3064 aulicorum
2066 3049 2083 3076 ,
2130 3008 2263 3064 tum

245 3114 322 3178 de
373 3114 652 3200 Dionysii
708 3116 1128 3202 philosophiae
1175 3111 1396 3181 studio'
1435 3116 1633 3202 deque
1677 3118 1901 3182 libellis
1948 3118 2023 3184 ab
2071 3141 2141 3183 eo
2188 3119 2263 3183 de

246 3233 635 3319 philosophia
680 3235 776 3298 vel
822 3235 896 3299 de
943 3235 1126 3299 rebus
1175 3236 1438 3321 politicis
1471 3234 1709 3313 editis,
1760 3236 1835 3300 de
1889 3244 2107 3301 natura
2156 3245 2260 3311 τῆς

244 3352 604 3431 ἐπιστήμης,
669 3352 744 3418 de
805 3354 1227 3439 philosophiae
1287 3354 1527 3438 placitis
1584 3354 1851 3419 celandis
1913 3378 2025 3418 nec
2071 3355 2261 3419 literis

245 3470 607 3534 mandandis
633 3479 740 3535 aut
765 3471 1172 3557 divulgandiS,
1207 3481 1424 3550 cetera,
1463 3496 1533 3536 ea
1555 3473 1759 3537 omnia
1791 3474 1855 3537 in
1885 3472 2163 3558 Epistola
2194 3473 2262 3537 II

247 3588 467 3671 partim
515 3588 758 3654 brevius
805 3595 1178 3675 tanguntur,
1225 3591 1447 3677 partim
1492 3591 1798 3674 copiosius
1831 3598 2258 3655 contexuntur.

244 3706 532 3772 Ceterum
575 3730 778 3773 rerum
827 3708 1099 3773 ordinem
1135 3717 1196 3773 et
1239 3709 1450 3773 stilum
1497 3710 1549 3773 si
1596 3710 1870 3773 attendas
1888 3760 1907 3788 ,
1941 3718 2034 3774 est
2056 3733 2261 3775 revera

243 3826 482 3911 farrago
528 3825 900 3891 discordium
946 3850 1182 3905 rerum,
1233 3835 1294 3891 et
1340 3850 1493 3911 quae
1526 3828 1601 3891 de
1634 3828 2021 3913 philosophia
2051 3830 2261 3893 dicun-

313 4119 361 4178 1)
399 4118 478 4166 Ita
510 4119 744 4181 putarunt
777 4115 995 4173 Boeckh,
1033 4115 1218 4165 Grimm
1255 4120 1302 4165 et
1337 4116 1595 4175 Salomon,
1638 4114 1719 4178 qui
1753 4114 1873 4179 Epp.
1910 4115 2010 4163 Vll
2048 4120 2095 4165 et
2128 4116 2258 4166 VIII

218 4215 396 4264 'eidem
433 4213 655 4263 tribuunt
687 4212 886 4261 auctori.
934 4212 1010 4260 Cf.
1047 4212 1212 4261 Herm.
1253 4228 1303 4276 p.
1339 4214 1450 4262 592.
1485 4216 1587 4261 not.
1624 4210 1735 4260 215.

1985 4308 2024 4366 2
