3025 5067
1294 430 1419 490 235

440 636 755 699 Postremo
814 636 1012 720 tangit
1073 636 1254 699 etiam
1316 635 1558 700 libellos
1620 636 1914 719 quosdam
1975 634 2049 699 de
2096 634 2358 719 philoso-

350 753 497 839 phia
526 777 562 818 a
600 754 895 839 Dionysio
941 754 1165 832 editos,
1216 776 1368 838 quos
1415 778 1447 818 e
1490 754 1766 820 Platonis
1811 753 2201 818 institutione
2247 752 2358 815 flu-

350 874 507 937 xisse
552 872 705 936 falso
751 871 1001 957 quidam
1046 872 1377 937 crederent.
1470 873 1707 937 Mentio
1759 874 1874 938 hac
1919 871 1996 937 de
2041 894 2106 935 re
2143 872 2214 934 fit
2243 868 2358 955 Ep.

350 992 480 1055 VH
493 1042 513 1071 ,
560 1015 621 1077 p.
670 994 797 1056 341
847 993 935 1056 B:
1006 990 1231 1074 ὕστερον
1277 993 1335 1057 δὲ
1380 993 1481 1057 καὶ
1527 992 1710 1058 ἀκούω
1764 991 2133 1073 γεγραφέναι
2187 990 2361 1055 αὐτὸν

352 1111 475 1192 περὶ
536 1108 611 1177 ὧν
668 1111 793 1177 τότ’
854 1112 1057 1188 ἤκουσε
1073 1161 1091 1190 ,
1138 1110 1413 1188 ξυνθέντα
1450 1114 1524 1184 ὡς
1571 1112 1750 1177 αὑτοῦ
1796 1111 2010 1191 τέχνην
2055 1110 2209 1176 οὐδὲν
2253 1116 2364 1175 τῶν

351 1233 539 1296 αὐτῶν
585 1227 657 1296 ὧν
709 1231 921 1296 ἀκούοι.
1004 1230 1173 1295 Dicit
1235 1230 1322 1296 ibi
1366 1230 1590 1295 librum
1607 1276 1627 1308 ‚
1677 1252 1859 1315 quem
1905 1230 2240 1315 Dionysius
2287 1228 2364 1292 de

352 1350 738 1435 philosophia
798 1349 1087 1415 edidisset
1152 1357 1447 1434 tanquam
1506 1372 1688 1413 suum
1751 1372 1904 1435 opus
1921 1398 1940 1429 ‚
2011 1348 2167 1414 nihil
2235 1370 2364 1413 esse

308 1476 313 1481 “
352 1469 473 1532 nisi
516 1471 811 1549 παρακοὺν
826 1519 845 1547 ,
861 1444 874 1457 ’
892 1470 1163 1554 ineptam
1208 1468 1649 1555 expositionem
1696 1490 1902 1533 eorum
1951 1490 2108 1552 quae
2152 1490 2186 1532 e
2230 1467 2370 1532 Pla-

350 1597 496 1651 tone
542 1587 891 1652 audivisset.
947 1587 1167 1672 Itaque
1214 1588 1511 1674 scriptum
1556 1587 1712 1652 illud
1725 1637 1743 1665 ‚
1779 1586 2202 1672 qualecunque
2248 1586 2358 1663 sit,

350 1706 533 1792 plane
588 1715 978 1793 aspernatur:
1024 1706 1371 1792 „Quisquis
1387 1757 1406 1785 ‚
1454 1707 1639 1785 dicit,
1687 1707 1764 1772 de
1808 1728 1944 1771 mea
1974 1706 2362 1792 philosophia

356 1824 597 1910 scripsit
656 1824 752 1889 vel
810 1826 1149 1911 scripturus
1196 1833 1288 1890 est
1334 1847 1588 1910 eamque
1632 1826 1939 1910 cognitam
1987 1833 2048 1889 et
2093 1847 2368 1910 perspec-

355 1951 477 2008 tam
562 1943 785 2009 habere
854 1944 973 2010 sibi
1045 1927 1322 2024 videtur,
1397 1945 1574 2010 illum
1652 1946 1748 2009 aio
1819 1944 1978 2009 nihil
2037 1966 2108 2008 ea
2167 1943 2243 2008 de
2303 1966 2369 2008 re

357 2085 567 2148 sapere
584 2062 641 2126 :³³
709 2063 933 2128 τοσόνδε
998 2088 1075 2142 γε
1142 2066 1259 2142 μὴν
1324 2064 1449 2146 περὶ
1517 2062 1750 2130 πάντων
1802 2064 1926 2145 ἔχω
1971 2062 2211 2146 φράζειν
2255 2065 2369 2127 τῶν

357 2180 747 2264 γεγραφότων
789 2181 889 2246 καὶ
936 2180 1280 2264 γραψόντων
1294 2232 1313 2266 ,
1361 2181 1474 2247 ὅσοι
1518 2182 1705 2264 φασὶν
1737 2180 1938 2247 εἰδέναι
1977 2180 2103 2262 περὶ
2143 2175 2215 2245 ὧν
2254 2180 2370 2258 ἐγὼ

360 2298 659 2382 σπουδάζω
677 2352 694 2377 ,
723 2350 740 2367 .
766 2349 784 2368 .
821 2300 1054 2374 τούτους
1088 2304 1188 2368 οὐκ
1224 2301 1349 2369 ἔστι
1384 2301 1546 2367 κατοὶ
1588 2324 1665 2377 γε
1706 2302 1814 2376 τὴν
1851 2301 1994 2376 ἐμὴν
2037 2298 2207 2375 δόξαν
2246 2298 2370 2377 περὶ

360 2426 461 2485 τοῦ
507 2418 864 2500 πράγματος
907 2420 1131 2485 ἐπαΐειν
1174 2420 1347 2487 οὐδέν.
1416 2419 1701 2485 Eundem
1747 2418 2024 2485 libellum
2072 2417 2273 2501 tangit
2307 2416 2376 2479 in

361 2538 641 2624 Epistola
681 2537 819 2617 III,
868 2561 929 2625 p.
978 2541 1106 2603 316
1154 2542 1245 2618 A,
1294 2546 1356 2604 et
1399 2538 1503 2617 Π,
1554 2562 1613 2625 p.
1661 2540 1792 2602 314
1839 2538 1929 2616 B,
1978 2536 2086 2602 ubi
2120 2536 2198 2600 ad
2229 2534 2374 2599 Dio-

360 2659 605 2744 nysium
656 2658 909 2724 scribit:
955 2661 1093 2741 πρὸς
1136 2661 1311 2725 ταῦτ’
1352 2654 1443 2725 οὖν
1479 2663 1706 2724 σκοπῶν
1751 2657 2012 2734 εὐλαβοῦ
2031 2706 2050 2735 ,
2099 2656 2184 2734 μή
2236 2655 2378 2721 ποτέ

364 2802 448 2845 σοι
493 2779 883 2861 μεταμελήσῃ
926 2784 1037 2843 τῶν
1080 2783 1179 2845 νῦν
1220 2777 1468 2855 οὶναξΙως
1520 2778 1894 2844 ἐκπεσόντων.

458 3016 626 3081 Haec
672 3016 997 3102 praecipua
1043 3023 1190 3081 sunt
1234 3039 1390 3102 quae
1433 3018 1502 3082 in
1547 3016 1839 3102 Epistolis
1870 3016 2146 3081 Platonis
2179 3016 2381 3081 defen-

370 3134 556 3199 dendi
629 3135 823 3219 gratia
878 3134 1188 3201 dicuntur.
1294 3134 1363 3201 Si
1422 3136 1770 3221 quaerimus
1784 3186 1804 3216 ,
1853 3136 2104 3222 quinam
2150 3135 2380 3199 fuerint

373 3253 481 3339 qui
539 3252 895 3318 huiusmodi
954 3254 1277 3320 maledicta
1319 3255 1387 3319 in
1430 3253 1772 3354 Platonem⁸
1797 3253 2167 3341 conjecerint
2177 3303 2197 3333 ,
2237 3254 2384 3318 isto-

371 3396 510 3437 rum
546 3395 673 3438 non
714 3396 910 3438 unum
944 3373 1065 3439 fuit
1108 3395 1304 3460 genus
1356 3372 1854 3439 obtrectatorum.

457 3488 732 3556 Primum
774 3492 842 3556 in
886 3514 1136 3557 censum
1180 3493 1440 3558 veniunt
1482 3500 1700 3579 poetae
1744 3492 1993 3571 comici,
2040 3492 2149 3577 qui
2193 3491 2385 3557 veluti

373 3609 582 3675 innato
643 3611 784 3675 odio
846 3634 1053 3677 omnes
1107 3610 1503 3697 philosophos
1551 3612 1855 3697 exagitare
1903 3610 2178 3676 solebant
2195 3661 2213 3690 ,
2260 3634 2387 3676 non

374 3730 624 3794 minime
684 3730 897 3795 offensi
958 3754 1029 3795 eo
1083 3731 1250 3815 quod
1293 3730 1387 3796 illi
1434 3755 1470 3796 a
1512 3731 1776 3818 publicis
1821 3730 2084 3817 negotiis
2131 3752 2195 3795 se
2240 3730 2388 3795 reci-

376 3848 608 3933 pientes
669 3848 869 3913 sorum
930 3856 991 3915 et
1050 3849 1358 3915 theatrum
1411 3852 1674 3915 vitarent
1735 3857 1796 3915 et
1855 3850 1922 3914 in
1979 3849 2198 3913 umbra
2243 3848 2388 3914 deli-

377 3973 679 4032 tescerent
692 4018 711 4046 ,
760 3990 946 4053 quare
982 3975 1055 4033 ut
1082 3970 1552 4051 μετεωρολέσχαι
1584 3969 1646 4033 et
1674 3968 1980 4055 lucifugae
2012 3967 2385 4034 deridentur.

377 4086 479 4151 Ita
525 4087 714 4168 ‚multi
757 4086 1075 4153 Platonem
1123 4109 1367 4173 quoque
1412 4089 1680 4153 riserunt
1731 4093 1804 4152 ut
1849 4086 2183 4175 superbum
2197 4137 2216 4166 ‚
2265 4082 2391 4153 mo·

379 4228 622 4286 rosum,
669 4206 875 4273 inania
920 4213 1325 4296 aucupantem
1341 4256 1362 4287 ,
1395 4208 1546 4297 quin
1593 4207 1773 4275 etiam
1817 4205 2210 4276 domesticam
2257 4208 2388 4298 eJ'us
