3025 5067
1284 390 1363 451 21

315 596 641 660 dominum
702 621 766 661 se
828 597 1117 681 gessisse,
1175 618 1351 661 nemo
1407 597 1729 671 mirabitur
1768 599 1874 683 qui
1920 599 2134 683 legerit
2181 622 2337 683 quae

310 715 664 780 referuntur
708 716 785 782 ab
832 716 1148 781 Athenaeo
1194 714 1351 780 libro
1397 715 1494 779 XI
1541 725 1691 780 extr.

401 833 568 898 Huic
614 835 905 919 epistolae
951 858 1136 899 sensu
1183 841 1244 898 et
1289 834 1605 899 voluntate
1650 834 1831 920 plane
1878 837 2181 900 contraria
2244 845 2337 899 est

203 949 212 956 ’
315 952 567 1031 ultima,
607 952 813 1016 XIII:
865 961 936 1017 ut
980 952 1089 1015 illa
1131 952 1515 1037 implacabile
1562 952 1771 1019 odium
1820 955 2042 1039 spirat,
2068 954 2155 1017 ita
2185 955 2335 1019 haec

307 1072 592 1135 intimam
653 1072 889 1137 redolet
951 1072 1444 1136 familiaritatem.
1541 1072 1620 1136 Et
1670 1080 1871 1137 tamen
1919 1074 2129 1138 ambae
2174 1074 2333 1137 circa

304 1190 474 1255 idem
518 1199 761 1276 tempus
793 1192 1054 1277 scriptae
1084 1192 1438 1276 finguntur,
1488 1214 1560 1256 eo
1606 1192 1840 1256 scilicet
1871 1200 2174 1278 tempore,
2208 1214 2330 1276 quo

305 1310 490 1374 Plato
551 1311 628 1375 ob
689 1311 944 1396 injurias
1005 1311 1194 1376 Dioni
1255 1311 1456 1374 illatas
1474 1362 1493 1389 ‚
1556 1319 1799 1397 turpem
1860 1311 2292 1396 relegationem
2310 1361 2328 1389 ,

305 1428 556 1493 vendita
602 1428 790 1508 bona,
840 1451 1091 1493 uxorem
1125 1430 1299 1493 alteri
1331 1429 1571 1507 datam,
1621 1430 2005 1494 vehementer
2034 1430 2329 1514 Dionysio

300 1548 583 1612 infensus
630 1557 806 1613 esset.
901 1547 1121 1632 Itaque
1166 1548 1324 1611 duae
1371 1548 1485 1612 hae
1532 1548 1845 1634 Epistolae
1860 1598 1879 1627 ‚
1937 1548 1972 1611 I
2019 1556 2080 1612 et
2125 1549 2326 1627 XIII,

300 1673 380 1730 ut
424 1666 583 1730 inter
627 1690 692 1732 se
722 1673 1029 1751 pugnant,
1078 1668 1166 1731 ita
1198 1690 1342 1731 cum
1373 1666 1669 1752 Epistolis
1702 1666 1806 1731 ΙΠ
1852 1675 1913 1731 et
1942 1667 2072 1730 VH
2101 1690 2326 1752 nequa-

305 1806 497 1869 quam
542 1790 913 1869 congruunt.

393 1902 674 1988 Epistola
719 1899 813 1966 JV
859 1903 1086 1988 scripta
1127 1910 1220 1967 est
1248 1903 1467 1981 Dioni,
1518 1926 1710 1987 quum
1742 1903 1997 1991 expulso
2028 1903 2326 1991 Dionysio

296 2022 367 2085 in
437 2020 646 2085 Sicilia
711 2031 1071 2085 versaretur.
1165 2021 1469 2087 Hortatur
1538 2044 1678 2085 eum
1749 2031 1821 2086 ut
1886 2022 2194 2088 moderate
2258 2047 2323 2088 se

299 2140 476 2225 gerat
519 2139 584 2203 in
631 2137 886 2225 imperio
958 2146 1151 2223 utque
1219 2161 1359 2204 cum
1405 2139 1807 2204 familiaribus
1825 2190 1844 2218 ‚
1892 2140 2217 2205 Heraclide
2264 2149 2325 2206 et

293 2256 635 2337 Theodote‚
669 2258 1057 2323 concordiam
1081 2265 1296 2337 servet,
1331 2258 1803 2332 aemulationem
1827 2258 1995 2324 vitet.
2046 2258 2181 2323 Hac
2206 2260 2328 2345 epi·

293 2377 458 2441 stola
488 2377 660 2442 velut
685 2377 962 2463 exemplo
986 2377 1347 2455 ostenditur,
1382 2384 1615 2462 quanta
1636 2399 1783 2441 cura
1805 2377 1984 2442 Plato
2011 2378 2323 2444 absentem

292 2496 564 2559 amicum
611 2502 674 2559 et
718 2494 1092 2581 discipulum
1139 2494 1408 2560 consiliis
1442 2503 1695 2581 regeret.
1746 2495 1906 2560 Cum
1938 2496 2221 2582 Epistola
2252 2497 2323 2560 II

292 2614 458 2677 hanc
503 2614 990 2679 convenientiam
1036 2614 1222 2678 habet
1237 2663 1256 2692 ‚
1306 2613 1472 2698 quod
1520 2614 1842 2699 utriusque
1889 2622 2318 2700 argumentum

290 2738 358 2795 et
404 2730 586 2799 stilus
631 2732 912 2797 redolent
956 2733 1210 2810 μελε-τήν
1255 2732 1656 2797 rhetoricam:
1706 2733 1896 2797 altera
1922 2732 2319 2818 Dionysium,

290 2848 488 2913 altera
547 2849 814 2915 Dionem
873 2872 1253 2914 summorum
1309 2851 1578 2915 virorum
1641 2852 1916 2936 exemplo
1978 2852 2196 2916 incitat
2242 2852 2318 2917 ad

287 2968 588 3032 virtutem
635 2975 698 3033 et
741 2969 1124 3033 honestatem
1135 2995 1154 3047 3
1203 2969 1412 3033 eadem
1456 2970 1748 3034 iactantia
1791 2971 1857 3034 in
1889 2978 2149 3057 utraque
2181 2996 2319 3038 con-

291 3087 562 3173 spicitur
576 3138 595 3167 ,
661 3110 730 3151 ac
792 3088 1020 3153 similes
1081 3110 1270 3174 paene
1317 3090 1653 3153 sententiae
1694 3089 1763 3153 in
1806 3090 1880 3154 iis
1926 3090 2218 3177 leguntur
2252 3094 2318 3178 1).

287 3207 528 3271 Ambae
594 3207 710 3271 hae
787 3206 1078 3292 epistolae
1093 3255 1112 3284 ‚
1188 3228 1559 3291 quamquam
1620 3230 1826 3271 earum
1895 3218 2321 3294 argumentum

282 3348 320 3390 e
385 3322 518 3389 VII
580 3325 756 3410 quasi
818 3348 850 3389 e
907 3325 1219 3389 communi
1279 3326 1538 3389 armario
1600 3325 1989 3412 depromtum
2037 3327 2279 3393 videtur
2297 3380 2315 3408 ,

285 3452 502 3508 tamen
548 3443 841 3508 orationis
887 3442 1088 3507 colore
1135 3450 1196 3507 et
1239 3443 1543 3507 tractandi
1588 3444 1824 3509 ratione
1871 3436 2084 3510 multis
2126 3448 2319 3512 nomi·

285 3561 480 3627 nibus
525 3561 640 3625 hac
685 3561 1001 3626 inferiores
1046 3571 1194 3625 sunt
1239 3562 1571 3627 habendae.

355 3890 406 3951 1)
443 3889 526 3940 Cf.
577 3889 671 3953 Ep.
709 3890 790 3949 II,
826 3905 874 3954 Ρ.
911 3890 1009 3939 310
1043 3890 1113 3939 Et
1168 3889 1263 3942 οὔτ’
1313 3893 1442 3942 αὐτοὶ
1489 3896 1683 3955 ἀγνῶτές
1732 3897 1870 3958 ἐσμεν
1913 3894 2053 3945 οὐδενὶ
2082 3893 2323 3969 Ἑλλήνων,

275 3983 374 4037 οὔθ’
403 3991 434 4043 ἡ
469 3988 675 4037 συνουσία
706 3990 831 4051 ἡμῶν
864 3996 1054 4050 σιγᾶται
1087 3990 1180 4038 xvi.
1229 3994 1281 4039 et
1323 3986 1414 4051 Ep.
1459 3987 1547 4047 IV,
1602 4003 1648 4052 p.
1708 3988 1806 4037 320
1854 3990 1921 4038 C:
1970 3997 2327 4057 ἀναμιμνήσκειν

273 4082 346 4132 δεῖ
379 4086 513 4145 ἡμᾶς
547 4083 709 4139 αὐτοὺς
743 4084 816 4132 ὅτι
849 4090 1066 4150 apocham
1109 4085 1243 4133 πλέον
1287 4086 1316 4139 ἣ
1359 4083 1534 4134 παίδων
1574 4091 1661 4132 τῶν
1704 4085 1851 4135 ἄλλων
1883 4090 2127 4153 ἀνθρώπων
2164 4089 2325 4155 διαφέ-

272 4196 378 4245 ρειν
417 4177 526 4233 τοὺς
557 4176 689 4227 οἶσθα
722 4176 880 4235 δήπου.
