3025 5067
1584 389 1705 449 116

629 597 902 662 Platonis
949 596 1384 672 adversarium,
1435 617 1653 679 parum
1692 595 2141 662 honorifice,de
2173 619 2243 659 eo
2275 597 2654 661 mentionem

627 717 839 780 fecisse
885 716 1152 779 dubitari
1177 711 1443 797 ‘'nequit,
1493 735 1605 776 nec
1650 714 1868 777 mirum
1918 714 2074 777 foret
2113 715 2165 777 si
2195 714 2506 800 Epistolae
2538 715 2649 778 ΠΙ

630 843 688 899 et
725 835 862 898 VII
909 835 986 898 ad
1032 835 1199 897 illius
1233 833 1617 918 potissimum
1648 834 2131 899 maledicentiam
2166 835 2653 919 redarguendam

629 963 829 1018 essent
875 953 1262 1038 compositae.
1298 955 1342 1038 ¹)

720 1072 1023 1156 Diogenes
1078 1071 1391 1150 LaertiuS,
1454 1071 1792 1156 Apuleiae,
1857 1073 2039 1135 ceteri
2102 1073 2294 1136 secuti
2350 1080 2494 1136 sunt
2546 1097 2656 1156 po-

632 1191 932 1254 tissimum
1002 1190 1189 1254 libros
1237 1199 1298 1254 et
1342 1191 1805 1254 commentarios
1869 1191 2475 1275 philosophorum'et
2524 1193 2656 1255 bio-

628 1308 1034 1392 graphorum,
1098 1331 1360 1392 quorum
1419 1307 1525 1371 ille
1587 1331 1875 1392 magnum
1923 1332 2247 1372 numerum
2294 1311 2458 1373 citat.
2552 1309 2654 1372 Ex

627 1426 720 1488 his
781 1427 1125 1490 nominasse
1202 1427 1467 1490 sufficiat
1533 1449 1633 1490 eos
1682 1427 1788 1510 qui
1834 1425 2108 1490 Platonis
2158 1428 2340 1490 aetati
2386 1429 2650 1512 proximi

625 1547 908 1610 fuerunt:
959 1545 1366 1631 Speusippum
1406 1547 1470 1609 in
1511 1545 1821 1616 Πλάτωνος
1854 1547 2217 1630 περιδείπνῳ,
2280 1547 2647 1611 Clearchum

625 1665 691 1727 in
766 1663 1076 1735 Πλάτωνος
1140 1665 1442 1744 ἐγκωμίῳ,
1503 1662 1851 1727 Neanthem
1912 1663 2309 1748 Cyzicenum,
2369 1665 2654 1728 Dicaear-

629 1781 810 1843 chum
841 1781 974 1860 Περὶ
1007 1781 1184 1859 βίων,
1223 1780 1705 1861 Hermodorum,
1732 1781 2200 1860 Aristoxenum,
2227 1781 2650 1862 Heraclidem,

629 1901 1112 1986 Theopompum.
1185 1899 1492 1984 Diogenes
1542 1907 1742 1964 autem
1798 1901 1910 1964 etsi
1942 1909 2218 1964 auctores
2249 1901 2389 1964 illos
2422 1903 2651 1986 passim

631 2021 812 2098 citat,
872 2033 1072 2084 tamen
1121 2019 1484 2104 plerumque
1532 2021 1859 2084 oscitanter
1904 2021 2078 2084 nullo
2119 2020 2352 2106 judicio
2402 2045 2501 2084 eos
2548 2023 2654 2084 ad-

631 2139 834 2203 hibuit
854 2189 871 2217 ,
929 2139 1107 2223 plura
1175 2161 1314 2203 vero
1375 2162 1499 2203 non
1564 2163 1595 2202 e
1656 2140 1929 2204 fontibus
1991 2141 2172 2224 ipsiS,
2229 2141 2335 2204 sed
2391 2141 2651 2204 aliorum

631 2281 663 2321 e
703 2240 925 2321 'rivulis
971 2258 1178 2322 hausit
1192 2284 1211 2336 ;
1281 2281 1436 2342 quae
1499 2259 1575 2322 de
1620 2259 1895 2322 Platonis
1945 2259 2067 2322 vita
2112 2259 2328 2337 habet,
2402 2282 2471 2322 ea
2516 2281 2654 2343 par-

631 2377 741 2440 tim
788 2359 836 2439 e*
866 2376 1147 2440 Favorini
1205 2378 1653 2442 commentariis
1703 2384 1763 2441 et
1810 2377 2079 2440 historiis
2126 2377 2369 2440 videtur
2409 2377 2653 2440 concin-

631 2518 826 2559 nasse.
859 2497 910 2578 2)
1001 2495 1275 2560 Platonis
1323 2490 1522 2560 autem
1575 2519 1731 2580 quae
1755 2497 2036 2560 feruntur
2088 2495 2399 2580 Epistolae
2448 2519 2482 2558 a
2526 2493 2653 2558 Ne-

633 2624 775 2700 pote
837 2622 896 2677 et
953 2638 986 2678 a
1031 2615 1304 2678 Diodoro
1350 2638 1475 2679 non
1522 2615 1808 2679 videntur
1854 2615 2161 2678 adhibitae
2208 2638 2336 2679 esse
2352 2642 2370 2692 3
2434 2614 2651 2678 sedulo

634 2755 774 2796 vero
840 2733 932 2796 his
989 2734 1083 2797 usi
1131 2741 1276 2798 sunt
1320 2733 1691 2798 Plutarchus
1749 2743 1809 2798 et
1854 2734 2171 2811 LaelrtiuS,
2222 2735 2329 2817 qui
2377 2757 2475 2797 eas
2521 2741 2653 2796 tan-

633 2875 816 2936 quam
873 2875 1160 2936 germana
1205 2853 1478 2917 Platonis
1528 2855 1753 2938 scripta
1800 2860 1859 2916 et
1904 2854 2259 2938 gravissima
2304 2852 2652 2916 testimonia

638 2972 850 3035 citant.
2064 3053 2074 3064 ι
2494 3053 2501 3060 ἱ

719 3087 807 3152 Hi
867 3089 1058 3172 igitur
1119 3095 1265 3153 sunt
1324 3089 1558 3167 fonteS,
1616 3089 1761 3154 haec
1806 3090 2187 3167 testimonia,
2237 3090 2462 3174 quibus
2508 3111 2649 3153 cum

629 3206 924 3291 Epistolis
985 3206 1397 3284 conferendis,
1461 3206 1613 3290 quid
1670 3207 1733 3270 in
1792 3207 1887 3270 his
1948 3231 2085 3271 vere
2151 3216 2213 3271 et
2256 3214 2414 3271 recte
2432 3243 2465 3285 ,x
2500 3207 2649 3290 quid

633 3348 806 3388 secus
868 3324 1127 3389 relatum
1189 3325 1297 3404 sit,
1347 3325 1549 3408 quoad
1595 3325 1833 3388 licitum
1868 3316 2005 3404 est,
2054 3326 2478 3412 dijudicemus
2572 3325 2649 3389 In

637 3467 758 3528 quo
821 3443 1021 3528 ipsum
1091 3443 1506 3528 Epistolarum
1562 3443 1818 3508 ductum
1876 3452 2197 3528 sequentes
2252 3445 2649 3508 tractabimus

636 3553 832 3648 primo
879 3581 1036 3646 quae
1082 3564 1147 3626 in
1192 3562 1470 3647 Epistola
1516 3547 1646 3628 VII
1692 3563 1767 3626 de
1815 3563 2197 3627 Athenarum
2245 3571 2409 3626 statu
2466 3572 2527 3626 et
2571 3562 2649 3626 de

701 3878 748 3940 1)
782 3877 893 3926 vid.
937 3877 1148 3936 Mari-es,
1183 3876 1312 3928 Dias.
1343 3877 1504 3942 inaug.
1538 3877 1595 3926 de
1630 3877 1879 3927 Favorino.
1916 3876 2045 3941 Traj.
2080 3877 2138 3926 ad
2173 3877 2266 3926 Rh.
2306 3879 2458 3936 1853,
2495 3894 2542 3942 p.
2567 3880 2651 3928 99.

703 3973 752 4034 2)
787 3973 1020 4022 Philistus
1052 3973 1271 4037 Dionysii
1308 3972 1506 4021 minoris
1542 3972 1689 4021 vitam
1724 3976 1771 4020 et
1805 3988 1879 4020 res
1914 3977 2069 4036 gestas
2094 3974 2393 4036 comscripsit
2417 3989 2565 4037 usque
2590 3975 2651 4022 ad

635 4084 812 4118 annum
857 4085 899 4118 a.
935 4069 991 4118 C.
1027 4069 1148 4117 363:
1211 4069 1360 4132 igitur
1409 4068 1467 4116 de
1520 4068 1665 4116 tertIo
1716 4068 1929 4116 Platonis
1974 4067 2176 4127 itinere,
2211 4069 2335 4132 quod
2385 4069 2555 4118 incidit
2598 4070 2650 4118 in

636 4180 678 4213 a.
715 4163 838 4223 361,
873 4177 968 4212 non
1005 4164 1210 4227 scripsit.
1264 4163 1371 4212 vid.
1407 4163 1572 4226 Haug,
1613 4163 1687 4212 die
1721 4163 1923 4227 Quellen
1960 4164 2238 4222 Plutarchs‚
2276 4181 2321 4227 p.
2359 4165 2438 4214 63.
