3025 5067
1253 416 1364 477 107

305 646 549 705 pannus
595 624 894 688 inutiliter
939 631 1181 687 assutus
1203 671 1222 699 ,
1269 644 1406 685 nam
1451 619 1757 705 scriptoris
1787 615 1977 689 menti
2014 617 2313 680 sufficiens

303 740 522 804 fuisset
567 740 794 805 dicere:
841 744 924 817 μὴ
972 741 1105 821 πρὸς
1153 738 1566 820 χρηματισμὸν
1610 738 1707 802 καὶ
1750 741 1995 803 πλοῦτον
2014 784 2029 799 .
2050 784 2067 799 .
2086 783 2100 798 .
2148 734 2317 799 ἀλλὰ

305 858 448 935 πρὸς
483 861 706 940 ἀρετήν.
755 859 1088 945 Tripartita
1129 866 1330 923 autem
1377 857 1484 921 illa
1529 856 1824 921 bonorum
1867 854 2082 919 divisio
2100 905 2115 932 ‚
2162 874 2317 935 quae

301 978 583 1062 tangitur
627 980 808 1043 etiam
855 977 1050 1062 Epist.
1097 976 1260 1055 VII,
1309 1000 1368 1061 p.
1419 979 1537 1040 33]
1596 978 1688 1052 A,
1736 975 1928 1059 petita
1972 980 2065 1037 est
2110 994 2142 1035 e
2186 971 2321 1034 Pla-

303 1104 453 1159 tone
498 1095 572 1161 de
617 1095 807 1181 Legg.
857 1098 950 1179 (ut
974 1096 1316 1160 notavimus
1347 1116 1533 1179 supra
1562 1118 1621 1179 p.
1660 1096 1785 1177 67).
1832 1090 2069 1155 Deinde
2098 1063 2157 1175 p‘.
2192 1090 2317 1152 355

305 1213 397 1290 E,
439 1214 558 1280 Dio
589 1214 978 1299 Syracusanis
1011 1214 1314 1298 principes
1351 1212 1733 1278 commendat
1763 1210 2136 1295 Hipparinos
2167 1207 2321 1269 duos

305 1340 398 1410 et,
447 1333 612 1418 quod
643 1356 820 1397 nemo
853 1338 1284 1418 exspectasset,
1317 1332 1567 1396 tertium
1598 1330 1989 1415 Dionysium,
2030 1328 2107 1391 ad
2138 1348 2317 1410 quem

305 1452 731 1536 expellendum
780 1453 909 1537 ipse
950 1474 1137 1516 varma
1181 1458 1455 1537 ceperat3
1519 1472 1701 1534 quam
1746 1449 1823 1513 ob
1870 1469 2110 1514 causam
2154 1446 2319 1509 hunc

305 1570 613 1635 addiderit
657 1556 757 1633 'vix
801 1571 1096 1655 conjicere
1141 1570 1312 1646 licet,
1360 1568 1479 1634 nisi
1524 1568 1679 1633 forte
1723 1574 1797 1631 ut
1840 1566 2169 1631 ternarium
2210 1588 2321 1635 nu-‚

307 1711 546 1753 merum
578 1689 863 1774 expleret.
925 1688 1095 1769 Quid
1125 1689 1288 1753 enim
1315 1710 1469 1772 opus
1501 1698 1629 1751 erat-
1660 1686 1855 1751 tribus
1866 1735 1885 1764 ,
1934 1707 2124 1769 quum
2155 1706 2322 1769 prae-

303 1808 516 1871 sertim
547 1807 868 1893 Lycurgus
877 1858 896 1887 ,
947 1809 1118 1873 cuius
1149 1809 1433 1873 instituta
1478 1807 1627 1871 dicit
1658 1830 1721 1871 se
1752 1806 1829 1871 ob
1860 1805 2069 1870 oculos
2100 1804 2320 1869 habere

304 1930 394 2013 (p.
444 1930 572 1991 354
619 1928 694 2014 B)
711 1979 728 2007 ,
778 1928 931 1992 duos
965 1926 1221 2012 'tantum
1251 1910 1418 2014 reges
1449 1928 1639 1993 creari
1669 1926 1947 1991 voluerit.
2004 1924 2318 1991 Vocabulo

300 2048 663 2128 ἀνοσιουργός
722 2072 810 2120 τις
862 2047 1294 2133 intelliguntur
1341 2046 1659 2133 Callippus
1704 2045 1923 2109 Dionis
1970 2044 2321 2115 interfector

303 2166 562 2251 ejusque
639 2166 922 2231 facinoris
983 2166 1166 2245 socii;
1235 2166 1592 2248 αὶνοσιουργός
1650 2164 1954 2250 significat
2013 2156 2155 2227 eum
2214 2161 2321 2246 qui

302 2283 491 2350 caede
537 2292 600 2349 et
642 2286 856 2371 rapina
899 2308 963 2349 se
1008 2285 1232 2370 polluit
1296 2307 1489 2370 eoque
1548 2284 1912 2369 inexpiabile
1971 2280 2116 2360 ἄγος
2181 2303 2325 2345 con-

303 2402 525 2480 traxit,
573 2404 601 2469 ὅ
631 2405 864 2480 ἐναγής.
933 2403 1167 2469 Eodem
1215 2426 1401 2468 sensu
1445 2404 1512 2467 in
1542 2403 1735 2489 Epist.
1769 2402 1926 2481 VII,
1975 2425 2032 2486 p.
2069 2402 2195 2464 335
2230 2399 2318 2477 B,

301 2522 536 2607 legitur
577 2523 977 2603 ἀνοσιουργίας
1027 2530 1244 2588 neutra
1286 2544 1403 2586 vox
1448 2522 1695 2587 Platoni
1740 2532 2048 2608 usurpata.

398 2639 607 2725 Pergit
651 2641 776 2705 sic:
847 2642 1174 2726 „Plerique
1220 2642 1366 2706 talia
1423 2641 1623 2706 solent
1667 2641 1809 2708 dare
1860 2641 2113 2706 consilia
2164 2662 2321 2723 quae

303 2758 518 2821 amicis
549 2756 842 2836 salubnia,
884 2759 1162 2824 hostibus
1192 2782 1330 2824 vero
1361 2760 1545 2826 noxia
1575 2766 1638 2823 et
1667 2758 1916 2823 adversa
1947 2758 2286 2823 habeantur
2298 2784 2316 2835 ;

301 2876 482 2959 atqui
525 2876 674 2940 haec
732 2877 918 2961 vulgo
979 2900 1171 2962 aeque
1230 2886 1453 2943 nocent
1512 2878 1789 2962 utrisque
1852 2877 2145 2962 partibus,
2240 2876 2317 2941 In

301 3002 555 3080 promtu
609 3004 756 3059 sunt
801 2996 1074 3081 exempla
1117 3018 1272 3081 quae
1319 2997 1434 3061 hoc
1478 2996 1761 3061 docent.”
1851 2996 2155 3061 Ultimum
2201 2996 2318 3060 hoc

302 3114 399 3177 ita
443 3114 756 3179 enuntiat:
803 3114 893 3187 δεῖ
931 3115 978 3178 δ’
999 3117 1063 3181 οὐ
1107 3116 1340 3194 μακρὰν
1373 3113 1639 3187 {zoom-024·
1662 3139 1759 3179 ποι
1780 3114 1861 3180 τὰ
1882 3121 2131 3179 τοιαῦτα
2156 3117 2315 3193 ἐναιρ-

303 3240 429 3309 γῶς
483 3233 648 3311 ἰδεῖν,
694 3234 836 3298 ἀλλ’
878 3230 988 3297 ὅσοι
1029 3240 1126 3297 νῦν
1169 3232 1378 3311 γέγονε
1423 3235 1559 3315 τῇδε
1604 3237 1782 3301 αὐτοῦ
1828 3236 1951 3313 περὶ
2002 3235 2311 3302 Σικελίανε

301 3352 587 3438 quaesita
630 3352 1004 3418 constructio
1049 3362 1111 3415 et
1155 3348 1412 3417 obs'cura
1455 3374 1599 3437 pro:
1648 3352 1738 3417 δεῖ
1777 3353 1826 3416 δ’
1850 3356 1911 3419 οὐ
1956 3352 2189 3433 μακρὰν
2220 3356 2319 3417 ἐλ-

302 3474 422 3537 θεῖν
477 3467 570 3534 iim
627 3470 828 3535 ταῦτ-οὶ
879 3493 970 3540 τις
1025 3468 1145 3551 ἴδῃ,
1211 3471 1348 3534 ἀλλ’
1392 3468 1435 3534 ἃ
1479 3477 1574 3534 νῦν
1633 3469 1843 3548 γέγονε
1901 3479 2132 3536 σκοπεῖν
2194 3474 2314 3537 κτὲ.

298 3591 342 3654 J
343 3613 448 3655 am
494 3588 842 3666 consilium,
891 3587 1056 3672 quod
1101 3586 1355 3651 daturus
1401 3596 1493 3652 est
1538 3588 1929 3673 Syracusanis
1947 3640 1965 3667 ‚
2008 3589 2156 3655 dicit
2189 3612 2319 3655 esse

298 3708 622 3792 negotium
669 3706 914 3771 difficile
959 3706 1125 3770 factu
1170 3729 1238 3770 ac
1285 3706 1486 3791 potius
1534 3708 1659 3771 voti
1695 3708 1924 3772 simile:
1976 3716 2065 3771 τῶ
2078 3732 2107 3773 ν
2141 3706 2187 3773 δ’
2212 3707 2322 3773 ὅσα,

300 3826 520 3907 γένοιτ’
575 3826 648 3891 ἂν
702 3826 734 3901 ἢ
783 3828 930 3889 πᾶσι
976 3824 1349 3907 ξυμφέρονται
1393 3827 1611 3920 ἐχθρᾳῒς
1656 3852 1722 3891 τε
1768 3826 1864 3890 καὶ
1913 3828 2106 3907 φίΛοις
2153 3828 2187 3903 ἢ
2234 3826 2317 3893 ὅτι

302 3944 680 4024 σμικρόταται
739 3945 928 4009 κακαὶ
988 3946 1297 4025 ἀμφοῖν,
1358 3948 1535 4008 ταῦτ’
1598 3943 1727 4009 οὔτε
1791 3946 1967 4027 ῥᾴδιον
2026 3947 2155 4026 ὀρέὶν
2201 3946 2323 4010 οὔτ’

303 4065 512 4131 ἴδοντοι
549 4066 831 4129 ἐπιτελεῖν
849 4114 868 4146 ‚
919 4067 1069 4144 εὐχῇ
1115 4062 1174 4125 δὲ
1219 4061 1501 4140 προσέοικε
1550 4066 1583 4139 ἡ
1630 4063 1864 4135 τοιαύτη
1912 4061 2218 4141 ξυμβουλή
2253 4090 2321 4129 τε

302 4184 411 4255 καὶ
427 4238 443 4249 ,
462 4184 812 4269 ἐπιχείρησις
856 4188 958 4251 τοῦ
1002 4182 1198 4261 λόγου.
1262 4180 1340 4244 In
1371 4180 1671 4265 principio
1716 4183 2023 4269 genitivus
2054 4189 2165 4249 τῶν
2196 4162 2320 4252 non
