3025 5067
1267 395 1386 456 131

325 604 636 668 Σικελίαν·
675 608 888 681 πρῶτον
917 602 1024 680 μὲν
1051 603 1214 666 κατὰ
1245 601 1374 666 θέαν
1404 609 1508 676 τῆς
1540 602 1705 676 νήσου
1734 603 1833 667 καὶ
1862 608 1973 667 τῶν
2002 603 2322 682 κρατήρων,

325 719 431 787 ὅτε
491 721 589 785 καὶ
652 720 934 792 Διονύσιος
991 722 1022 782 ὅ
1077 719 1490 800 Ἑρμοκράτους
1544 719 1807 801 τύραννος
1874 721 1945 786 ὢν
2004 720 2333 798 ἠνάγκασεν

325 838 481 904 ὥστε
542 837 834 916 συμμίξαι
904 841 1061 918 αὐτῷ
1087 888 1104 904 .
1131 888 1147 904 .
1175 888 1190 904 .
1219 888 1234 904 .
1296 838 1546 918 δεύτερον
1620 838 1756 918 πρὸς
1800 838 1895 904 τὸν
1939 839 2195 918 νεώτερον
2233 833 2334 912 ἧκε

331 957 622 1022 Διονύσιον
667 958 842 1021 αἰτῶν
883 965 994 1033 γῆν
1039 956 1136 1019 καὶ
1183 956 1498 1037 ἀνθρώπους
1536 956 1668 1027 τοὺς
1704 956 1864 1021 κατὰ
1900 958 2005 1032 τὴν
2040 956 2333 1022 πολιτείαν

331 1078 515 1140 αὐτοῦ
560 1073 894 1154 ζησομένους
921 1122 938 1138 .
985 1077 1012 1140 ὅ
1058 1075 1116 1139 δὲ
1144 1075 1350 1153 καίπερ
1383 1071 1778 1155 ὑποσχόμενος1
1808 1077 1907 1140 οὐκ
1936 1075 2219 1150 ἐποίησεν.
2240 1124 2255 1140 .
2276 1125 2293 1140 .
2315 1124 2330 1140 .

329 1194 520 1275 τρίτον
563 1189 697 1268 ἦλθε
741 1191 1070 1270 &andem
1109 1193 1304 1258 Δίωνα
1339 1192 1609 1274 Διονυσίῳ
1632 1246 1650 1267 ,
1698 1195 1759 1258 οὐ
1813 1195 2006 1274 τυχὼν
2036 1194 2085 1257 δ’
2113 1192 2336 1272 ἄπρακ-

329 1337 431 1385 τος
463 1315 777 1388 ἐπανῆλθεν
806 1315 885 1384 εἰς
931 1315 1033 1388 τὴν
1079 1313 1350 1391 minoda.
1413 1313 1495 1376 Et
1527 1313 1797 1376 strictius
1829 1312 1903 1376 ab
1936 1312 2225 1397 Apuleio,
2258 1310 2335 1374 de

332 1430 538 1515 dogm.
585 1431 742 1496 Plat.
791 1431 824 1494 I
842 1484 860 1507 ‚
908 1453 960 1494 c.
1008 1435 1084 1494 4:
1160 1430 1488 1510 „Ceterum
1535 1439 1656 1494 tres
1702 1431 2021 1515 (Platonis)
2066 1431 2141 1495 ad
2188 1429 2333 1494 Sici-

331 1548 477 1612 liam
518 1548 813 1612 adventus
860 1548 1004 1611 mali
1049 1548 1294 1631 quidem
1342 1555 1599 1632 carpunt
1646 1548 1895 1612 diversis
1944 1547 2331 1632 opinionibus

331 1667 696 1730 disserentes
712 1693 731 1744 3
789 1666 896 1730 sed
940 1667 1044 1730 ille
1089 1668 1284 1752 primo
1329 1667 1616 1730 historiae
1661 1667 1890 1751 gratia,
1941 1675 2010 1730 ut
2054 1676 2332 1731 naturam

333 1789 572 1850 Aetnae
617 1793 679 1849 et
707 1785 1053 1849 incendium
1093 1787 1338 1850 concavi
1367 1787 1595 1850 montis
1628 1785 2027 1869 intelligeret,
2070 1785 2333 1850 secundo

331 1904 537 1989 petitu
617 1903 894 1988 Dionysii
955 1913 1026 1967 ut
1085 1904 1475 1988 Syracusanis
1531 1904 1833 1968 assisteret
1891 1905 2195 1989 profectus
2272 1911 2333 1967 et

331 2030 410 2086 ut
455 2022 848 2106 municipales
908 2023 1071 2106 leges
1134 2023 1263 2086 eius
1310 2023 1653 2107 provinciae
1698 2022 2067 2100 addisceret;
2116 2024 2332 2087 tertius

331 2142 470 2204 eius
516 2140 809 2204 adventus
871 2141 1202 2225 fugientem
1255 2141 1517 2206 Dionem
1533 2192 1552 2220 ,
1599 2143 1919 2228 impetrata
1958 2165 1995 2204 a
2037 2141 2333 2225 Dionysio

331 2259 545 2335 venia,
593 2259 820 2343 patriae
865 2281 1010 2322 suae
1040 2258 1368 2324 reddidit.’'

423 2491 466 2556 J
468 2515 559 2556 am
607 2493 683 2556 ad
729 2494 1015 2578 epistolae
1060 2495 1462 2558 narrationem
1509 2493 1884 2572 accedimus,
1932 2495 1998 2558 in
2028 2517 2149 2579 qua
2178 2493 2333 2580 diju-

329 2610 594 2675 dicanda
636 2634 758 2676 non
795 2612 1224 2696 negligendum
1257 2621 1348 2677 est
1380 2613 1701 2677 consilium
1732 2605 1897 2697 quod
1928 2613 2182 2698 scriptor
2213 2613 2331 2678 sibi

327 2729 681 2813 proposuit:
730 2752 766 2792 a
808 2730 1060 2794 consilio
1105 2730 1266 2796 enim
1309 2731 1506 2815 operis
1552 2731 1639 2794 rei
1679 2733 1961 2794 tractatio
2005 2730 2247 2816 pendet.

425 2845 660 2932 Scripta
703 2855 794 2911 est
839 2847 1126 2933 epistola,
1174 2855 1246 2912 ut
1287 2848 1422 2934 ipsa
1463 2849 1799 2933 profitetur,
1849 2872 1909 2935 p.
1958 2851 2086 2912 324
2133 2847 2222 2927 B,
2251 2870 2323 2912 eo

330 2966 620 3043 consili0,
681 2973 754 3031 ut
812 2988 934 3050 qua
989 2967 1226 3031 ratione
1270 2967 1389 3030 Dio
1435 2967 1577 3031 talis
1623 2967 1951 3052 aliquando
1996 2969 2087 3032 vir
2130 2969 2325 3032 factus

329 3091 517 3162 esset,
558 3084 799 3168 qualem
829 3091 1036 3170 postea
1065 3084 1190 3148 vita
1219 3092 1281 3149 et
1309 3084 1587 3149 doctrina
1617 3107 1681 3149 se
1713 3086 2014 3170 praestitit
2029 3135 2047 3163 ,
2082 3109 2326 3171 appare-

326 3209 422 3265 ret
432 3227 451 3278 ;
484 3202 747 3266 ostendit
778 3209 978 3266 autem
1001 3201 1064 3266 id
1090 3225 1227 3266 eum
1253 3210 1569 3289 acceptum
1588 3203 1869 3268 debuisse
1892 3203 2162 3267 Platonis
2188 3225 2324 3267 con·

329 3318 643 3384 suetudini
704 3326 766 3384 et
823 3319 1215 3384 institutioni.
1278 3343 1338 3405 p.
1387 3323 1510 3386 327
1563 3321 1639 3384 A.
1730 3319 1914 3401 Quod
1958 3329 2029 3385 ut
2076 3321 2319 3405 probet,

325 3438 574 3502 initium
633 3438 779 3502 facit
833 3461 868 3501 a
927 3460 1048 3522 quo
1109 3447 1377 3522 tempore
1437 3438 1557 3501 Dio
1612 3439 1871 3523 primum
1932 3439 1997 3502 in
2051 3439 2320 3503 Platonis

326 3556 605 3619 notitiam
650 3556 847 3634 venit,
895 3555 956 3618 h.
1005 3579 1055 3620 e.
1104 3578 1140 3619 a
1184 3556 1376 3641 primo
1417 3556 1601 3619 huius
1635 3555 1903 3620 adventu
1930 3557 1995 3619 in
2026 3555 2320 3634 Siciliam;

327 3674 472 3738 hinc
561 3674 759 3760 pergit
841 3674 1208 3760 exponendis
1287 3675 1658 3759 reliquorum
1727 3676 2013 3738 itinerum
2080 3675 2317 3740 casibus

327 3800 392 3857 et
449 3793 674 3857 eventis
690 3842 710 3870 ,
772 3793 1073 3876 quomodo
1129 3793 1416 3858 nimirum
1430 3843 1449 3871 ,
1496 3801 1637 3878 post
1688 3793 1944 3858 alterum
1992 3792 2316 3858 adventum

327 3910 679 3996 Syracusas,
743 3910 1001 3974 Dionem
1069 3911 1226 3976 inter
1293 3919 1355 3976 et
1413 3911 1776 3996 Dionysium
1830 3921 2028 3976 ortum
2078 3914 2157 3976 sit
2200 3913 2318 3978 dis-

326 4028 556 4092 cidium
574 4081 592 4104 ‚
655 4028 818 4112 quod
880 4028 1054 4091 Plato
1101 4050 1241 4093 cum
1284 4051 1353 4092 eo
1397 4030 1531 4114 ipso
1576 4038 1846 4115 tempore
1892 4038 2026 4094 tum
2072 4040 2315 4116 postea,

323 4147 505 4211 tertio
564 4146 779 4210 itinere
848 4155 1126 4230 suscepto
1142 4196 1161 4224 ,
1225 4147 1448 4210 frustra
1507 4169 1863 4233 componere
1918 4158 2169 4214 conatus
2216 4151 2314 4214 sit.

1994 4269 2032 4324 9
2046 4266 2083 4304 :a
