3025 5067
901 365 948 404 ²
1617 410 1741 473 148

672 629 907 714 promta
955 628 1097 684 sunt
1143 643 1175 684 e
1207 619 1376 685 libris
1409 619 1484 683 de
1515 618 1785 704 Legibus
1804 669 1821 697 ,
1855 619 2075 704 partim
2108 641 2141 681 8
2172 617 2327 683 libro
2358 616 2421 697 I,
2455 641 2516 704 p.
2555 621 2683 683 647

674 743 728 802 A
773 739 859 817 B,
910 739 1015 802 ubi
1062 737 1431 815 ostenditur,
1475 736 1786 821 quodnam
1833 739 1911 800 sit
1958 737 2278 802 discrimen
2312 738 2471 801 inter
2494 737 2691 818 φόβον

669 866 730 921 et
800 858 934 922 αἰδῶ
996 868 1057 920 et
1103 857 1252 941 quid
1297 863 1629 940 utrumque
1669 834 1747 919 ad
1802 855 2165 920 erudiendos
2219 857 2493 920 homines
2542 879 2690 920 con-

666 977 853 1053 ferat,
905 985 964 1039 et
1009 998 1041 1038 8
1087 974 1242 1040 libro
1290 974 1428 1053 III,
1477 998 1538 1059 p.
1590 976 1928 1052 698--99‚
1980 975 2086 1039 ubi
2133 974 2209 1038 dc
2256 976 2471 1062 priscis
2496 975 2693 1038 Athe-

665 1093 979 1158 niensibus
1032 1093 1260 1157 dicitur
1303 1096 1386 1178 (p.
1436 1094 1563 1156 698
1612 1091 1721 1178 B):
1772 1093 2034 1165 δεσπότις
2076 1095 2199 1167 ἐνῆν
2246 1117 2334 1162 τις
2382 1093 2581 1175 αἰδὼς,
2620 1093 2695 1156 δι’

663 1209 726 1288 ἣν
765 1213 1120 1284 δουλεύοντες
1167 1219 1281 1284 τοῖς
1329 1214 1465 1278 τότε
1510 1214 1696 1289 νόμοις
1742 1211 1841 1293 ζῆν
1873 1213 2160 1288 ἠθέλομεν.
2229 1219 2291 1276 et
2329 1235 2387 1297 p.
2426 1214 2551 1275 699
2586 1210 2641 1274 C
2672 1238 2686 1274 :

639 1333 872 1415 ,φιλίαν
917 1332 1190 1406 άλλήλων
1237 1331 1468 1396 ἐνεποίει
1516 1333 1543 1396 ὅ
1586 1331 1774 1411 Φόβος
1821 1332 1847 1395 ὅ
1893 1331 2027 1396 τότε
2075 1333 2264 1410 ποορὼν
2306 1327 2341 1396 δ’
2371 1332 2425 1396 τ’
2466 1333 2532 1394 ἐκ
2570 1337 2693 1395 τῶν

666 1422 849 1528 νόμων
894 1457 1002 1514 τῶν
1049 1451 1360 1529 ἔμπροσθεν
1405 1451 1659 1526 γεγονὼς
1686 1499 1701 1513 .
1730 1500 1745 1516 .
1776 1499 1790 1515 .
1840 1446 1902 1525 ἣν
1953 1450 2090 1514 οοίδῶ
2137 1449 2423 1521 πολλάκις
2472 1450 2529 1513 ἐν
2563 1455 2693 1519 τοῖς

668 1567 782 1634 άνω
813 1570 1007 1646 λόγοις
1055 1569 1290 1646 εἴπομεν
1310 1617 1325 1632 .
1374 1570 1595 1653 partim
1636 1591 1668 1632 e
1698 1568 1856 1632 libro
1890 1567 2001 1647 IV,
2035 1592 2093 1654 p.
2126 1570 2249 1634 715
2287 1567 2525 1645 A—-D,
2578 1567 2694 1631 ubi

670 1686 846 1764 dicit,
896 1686 1255 1771 plerumque
1301 1688 1430 1750 fieri
1475 1694 1549 1750 ut
1594 1687 1714 1770 qui-
1748 1709 1779 1751 8
1826 1687 1985 1750 bello
2030 1686 2128 1750 vel
2175 1709 2207 1752 8
2254 1686 2534 1750 civilibus
2567 1685 2697 1749 dis-

669 1804 884 1869 cordiis
931 1805 1186 1868 victores
1233 1803 1601 1882 exstiterint,
1666 1805 1710 1868 ii
1742 1804 1916 1868 victis
1947 1803 2099 1868 tales
2130 1804 2451 1889 imponant
2480 1804 2653 1888 leges
2671 1854 2692 1881 ‚

667 1923 891 2008 quibus
965 1923 1203 2008 imperii
1265 1923 1730 2009 participatione
1793 1932 1853 1988 et
1917 1923 2373 2008 magistratibus
2435 1944 2693 2007 prorsus

665 2042 1096 2122 excludantur3
1146 2043 1330 2107 talem
1377 2052 1581 2108 autem
1626 2043 1996 2140 reipublicae
2042 2043 2338 2107 rationem
2362 2065 2486 2106 non
2518 2057 2687 2106 πολι-

665 2163 857 2243 τείοιν,
908 2161 1012 2226 sed
1059 2163 1266 2248 potius
1311 2166 1696 2228 στάσιωτείάν
1743 2151 2227 2247 nuncupandum
2274 2185 2437 2240 esse,
2492 2183 2693 2245 quum

668 2282 734 2345 in
794 2283 1058 2365 πολιτείᾳ
1117 2281 1281 2366 leges
1336 2281 1619 2346 omnibus
1667 2281 2003 2365 aequaliter
2064 2281 2387 2346 consulant
2454 2302 2695 2345 omnes-

670 2422 788 2485 que
831 2409 958 2464 tam
1004 2401 1380 2485 imperantes
1417 2424 1600 2484 quam
1648 2400 1878 2464 subditi
1925 2401 2130 2486 legum
2171 2401 2325 2464 servi
2358 2401 2514 2477 sint,
2564 2421 2697 2462 una

666 2518 789 2582 lex·
832 2519 1124 2584 omnium.
1165 2519 1247 2582 sit
1301 2517 1562 2582 domina.
1658 2517 1833 2598 Quae
1895 2527 2099 2583 autem
2153 2517 2692 2603 epistolographus

667 2635 764 2699 his
827 2636 1177 2720 subjungit,
1205 2683 1211 2692 .
1241 2657 1450 2699 vereor
1494 2659 1572 2699 ne
1618 2657 1807 2720 aeque
1855 2658 1890 2699 a
1934 2635 2207 2700 Platonis
2252 2643 2457 2699 mente
2503 2644 2695 2718 atque

669 2777 704 2819 a
771 2755 1075 2839 praesenti
1141 2753 1568 2839 Syracusarum
1640 2761 1701 2818 et
1768 2753 2009 2819 Siciliae
2070 2754 2419 2819 conditione
2490 2753 2697 2817 aliena

670 2872 812 2936 sint.
855 2872 895 2935 J
897 2872 1046 2937 ubet
1060 2873 1316 2937 victores
1341 2895 1546 2938 rerum
1571 2874 1796 2958 potitos
1822 2876 2029 2945 αὐτοὺς
2047 2875 2104 2938 ἐν
2128 2877 2322 2946 αὐτοῖς
2338 2872 2547 2954 ἄνδράς
2561 2897 2697 2953 προ-

667 2997 848 3071 κρῖνοιι
886 2997 997 3054 τῶν
1036 2988 1258 3066 ἄλλων,
1281 2988 1372 3062 οὓς
1397 2990 1468 3056 ἂν
1491 2991 1883 3057 πυνθάνωνται
1915 2993 2176 3072 άρίστους
2207 2991 2372 3063 ὅντοις
2393 3012 2406 3026 ·
2432 3029 2524 3040 —-
2543 2992 2697 3066 άριθ-

665 3107 773 3185 μὸν
811 3105 857 3170 δ’
882 3103 1022 3172 εἶναι
1062 3109 1126 3192 (f.
1161 3107 1202 3171 1.
1244 3086 1331 3186 δ’,ι
1353 3105 1512 3186 οἷμοοι
1530 3112 1572 3193 ,)
1598 3109 1908 3190 μυριάνδρῳ
1930 3110 2096 3174 πόλει
2120 3111 2477 3183 πεντήκοντά
2502 3110 2695 3173 ἱκανοὶ

673 3232 942 3290 τοιοῦτοι·
959 3226 1156 3289 -his
1182 3234 1386 3291 autem
1411 3227 1699 3291 mandare
1723 3228 1921 3305 νόμους
1954 3230 2146 3294 θεῖναι.
2181 3227 2401 3292 Beatos
2420 3227 2697 3312 profecto

667 3343 922 3408 victores
970 3343 1109 3407 11108
1141 3352 1416 3429 putasset
1445 3345 1660 3424 Plato,
1700 3347 1751 3410 si
1778 3347 1844 3410 in
1876 3369 1986 3410 suo
2018 3369 2271 3410 numero
2296 3346 2481 3430 (αὐτοὶ
2506 3348 2563 3410 ἐν
2587 3347 2699 3409 οιὺ-

669 3464 810 3546 τοῖς)
827 3462 1171 3547 potuissent
1206 3466 1564 3538 πεντήκοντά
1589 3465 1891 3542 νομοθέτας
1908 3466 2214 3542 invenire3
2240 3475 2471 3548 quanto
2489 3464 2695 3528 maius

669 3579 926 3642 totidem
965 3580 1226 3664 reperire
1258 3582 1364 3664 qui
1397 3582 1460 3645 in
1491 3605 1951 3667 ununaquaque
1983 3582 2295 3664 μυριάνδρῳ
2325 3583 2491 3648 πόλει
2521 3583 2694 3667 leges

667 3696 898 3763 darent.
936 3697 1075 3784 Ipse
1101 3700 1466 3765 existimavit
1493 3723 1699 3767 veram
1730 3703 1992 3767 civitatis
2025 3702 2458 3788 gubernandae
2490 3711 2690 3766 artem

668 3816 793 3897 περὶ
840 3813 942 3881 ἕνκ
972 3818 1103 3883 τινά
1144 3818 1242 3882 καὶ
1289 3819 1382 3883 δύο
1427 3820 1526 3884 καὶ
1575 3820 1955 3885 παντάπασιν
1994 3821 2222 3898 ὀλίγους
2247 3821 2506 3906 positam
2532 3843 2688 3885 8888.

672 3933 912 3999 Politic.
960 3957 1021 4020 p.
1071 3937 1197 3998 293
1240 3937 1317 4000 A.
1410 3937 1617 4021 Atque
1663 3939 1724 4001 in
1772 3938 1942 4002 libris
1974 3905 2049 4002 de
2079 3937 2348 4023 Legibus
2379 3960 2693 4022 nusquam

674 4073 870 4117 sermo
940 4061 1031 4116 est
1102 4053 1223 4118 nisi
1290 4053 1365 4117 dc
1427 4076 1552 4118 uno
1600 4057 1893 4137 νομοθέτῃ,
1958 4057 2065 4139 qui
2108 4079 2221 4120 sua
2264 4055 2583 4120 voluntate
2628 4065 2697 4120 et

669 4171 918 4236 scientia
963 4170 1186 4236 ductus
1228 4171 1392 4256 leges
1433 4172 1657 4237 condat
1702 4182 1764 4237 ct
1808 4175 2114 4239 civitatem
2160 4175 2475 4250 instituat3
2524 4197 2577 4238 8.
2626 4197 2691 4260 g.
