3025 5067
1670 344 1750 403 86

701 554 856 617 inter
917 575 1026 616 nos
1087 554 1268 617 fuerit
1314 552 1709 616 consiliorum
1754 551 1829 615 de
1878 552 2188 636 republica
2234 554 2705 628 commercium,

702 672 1034 735 ostendunt
1078 672 1142 735 in
1187 680 1248 735 te
1293 694 1536 735 causam
1584 672 1761 735 sitam
1806 672 2023 749 fuisse,
2072 694 2225 755 quae
2272 673 2373 745 τὴν
2419 671 2560 749 ἐμὴν
2596 670 2705 735 καὶ

703 792 805 865 σὺν
850 790 1196 873 λυκοφιλίαν
1239 790 1338 853 καὶ
1382 790 1709 855 ἀκοινωνίαν
1756 791 1987 875 peperit
2033 792 2113 874 (p.
2164 792 2289 853 318
2336 790 2431 873 E).

794 908 1028 973 Deinde
1061 908 1292 972 accedit
1323 908 1400 972 ad
1445 909 1733 985 alterum,
1780 910 1842 973 h.
1892 932 1942 972 e.
1992 910 2253 993 primum
2300 909 2706 973 accusationis

703 1038 921 1113 caput,
970 1026 1135 1111 quod
1181 1028 1388 1112 paucis
1435 1027 1714 1092 absolvit.
1806 1026 2100 1111 Dionysio
2145 1028 2491 1091 criminanti
2536 1027 2707 1111 quod

703 1146 878 1209 Plato
925 1146 1230 1229 quondam
1276 1146 1392 1210 sibi
1437 1145 1821 1209 dissuasisset
1878 1145 2118 1210 Siciliae
2163 1146 2436 1209 civitates
2474 1146 2707 1210 instau-

702 1288 833 1329 rare
901 1274 962 1329 et
1021 1265 1341 1349 imperium
1400 1288 1580 1328 suum
1622 1265 1930 1348 mitigare,
1978 1264 2301 1349 respondet
2349 1286 2708 1329 commemo-

705 1382 893 1446 rando
961 1406 1296 1447 sermonem
1310 1433 1328 1461 ,
1399 1384 1507 1467 qui
1562 1382 1868 1467 quondam
1910 1383 2289 1448 adstantibus
2342 1384 2707 1447 Aristocrito

706 1510 767 1565 et
827 1501 1201 1566 Archedemo
1259 1502 1326 1566 in
1393 1502 1589 1585 regiae
1664 1502 1841 1565 horto
1902 1509 2059 1566 esset
2116 1502 2389 1580 habituS,
2452 1503 2515 1565 in
2580 1525 2709 1586 quo

705 1620 1034 1704 Dionysius
1102 1621 1218 1683 hoc
1277 1621 1478 1704 ipsum
1539 1620 1782 1683 Platoni
1836 1620 2290 1705 exprobrasset,
2354 1620 2518 1704 quod
2579 1621 2709 1705 jus—

705 1739 879 1802 sisset
931 1762 994 1801 se
1046 1739 1156 1810 τὰς
1212 1738 1551 1814 Ἑλληνίδας
1598 1740 1793 1810 πόλεις
1838 1738 2142 1821 κουφίζειν.
2189 1738 2409 1817 Addit,
2438 1762 2500 1803 se
2522 1738 2711 1822 plura

667 1833 676 1849 ‚
707 1851 1062 1941 argumenta
1108 1857 1316 1921 afferre
1360 1879 1535 1941 posse
1580 1857 1658 1921 ad
1703 1846 2085 1942 probandum
2127 1857 2193 1921 id
2234 1880 2297 1921 se
2341 1852 2713 1942 magnopere

705 1975 1039 2059 cupivisse,
1089 1974 1450 2059 Dionysium
1496 1997 1636 2038 vero
1682 1974 1985 2053 noluisse,
2033 1975 2085 2037 si
2131 1998 2331 2039 coram
2368 1974 2589 2039 idoneo
2610 1976 2715 2059 ju-

708 2092 840 2157 dice
886 2115 1068 2156 causa
1113 2100 1424 2177 ageretur,
1481 2092 1535 2157 εἴ
1575 2117 1661 2165 τις
1708 2094 1874 2168 ἱκανή
1922 2118 2029 2159 που
2074 2094 2334 2175 φαίνοιτο
2378 2094 2573 2174 κρίσις.
2621 2094 2711 2177 (p.

710 2214 834 2274 319
882 2209 986 2295 D).

763 2436 965 2511 ⁴Haec
1025 2455 1116 2510 cst
1169 2448 1511 2531 argumenti
1558 2470 1827 2525 summa,
1874 2470 2039 2512 nunc
2086 2447 2160 2511 de
2216 2448 2504 2532 epistolae
2550 2470 2715 2511 com-

711 2567 1010 2651 positione
1057 2574 1117 2629 et
1163 2565 1238 2630 de
1282 2589 1486 2630 rerum
1532 2567 1891 2631 tractatione
1936 2568 2145 2651 paucis
2191 2567 2520 2631 videamuS.
2567 2565 2717 2651 Epi-

711 2685 928 2748 stolam
989 2685 1145 2748 hanc
1208 2708 1336 2748 esse
1388 2683 1763 2769 apologiam,
1814 2686 1890 2749 ad
1935 2685 2421 2769 redarguendum
2464 2686 2714 2768 iniquos

711 2825 978 2867 rumores
1041 2802 1148 2886 qui
1208 2825 1244 2865 a
1303 2802 1598 2887 Dionysio
1645 2803 1895 2885 eiusque
1939 2802 2409 2867 assentatoribus
2455 2801 2529 2865 de
2575 2800 2716 2865 Pla-

713 2927 853 2984 tone
907 2921 1098 3005 sparsi
1144 2926 1344 2985 essent
1387 2920 1815 3005 compositam,
1863 2920 2136 2984 indicant
2180 2920 2371 3004 ipsius
2420 2919 2714 3005 epistolae

659 3030 662 3033 ⁴
711 3040 924 3105 verba:
971 3041 1109 3120 πρὸς
1155 3039 1247 3103 δύο
1283 3042 1350 3115 δή
1378 3064 1475 3117 μοι
1508 3039 1835 3123 (διαβολὰς)
1859 3039 2059 3111 δια-τοὶς
2088 3040 2407 3117 ἀναγκαῖον
2440 3040 2716 3115 ποιήσασ-

713 3162 802 3224 θκι
833 3159 944 3230 τὰς
973 3160 1321 3235 ἀπολογίαις.
1381 3158 1632 3242 Itaque,
1667 3180 2035 3242 quamquam
2062 3158 2355 3243 inscripta
2382 3156 2678 3241 Dionysio
2692 3206 2713 3235 ,

715 3278 1014 3341 destinata
1065 3285 1262 3343 tamen
1315 3284 1402 3341 est
1448 3286 1521 3341 ut
1565 3278 1630 3341 in
1647 3338 1654 3343 ,
1670 3277 1986 3361 publicum
2018 3273 2295 3341 ederetur
2325 3282 2387 3341 et
2415 3276 2599 3360 vulgo
2629 3276 2715 3339 16-

715 3404 988 3479 geretur;
1053 3396 1323 3479 alioquin
1367 3396 1566 3463 inanis
1612 3396 1879 3481 profecto
1924 3397 2139 3465 fuisset
2184 3395 2529 3460 istiusmodi
2568 3418 2715 3460 cum

715 3522 970 3599 tyranno
1016 3522 1076 3579 et
1119 3516 1364 3579 inimico
1411 3516 1837 3600 expostulatio,
1904 3515 1943 3578 J
1946 3539 2043 3581 am
2088 3515 2199 3579 tali
2245 3515 2497 3579 consilio
2538 3538 2718 3599 argu-

715 3638 988 3696 mentum
1033 3632 1322 3717 epistolae
1365 3656 1583 3718 parum
1628 3633 1969 3719 respondet.
2063 3631 2259 3697 Priori
2306 3623 2717 3697 criminationi

713 3752 872 3814 inter
945 3749 1347 3835 Syracusanos
1423 3751 1731 3835 quondam
1806 3774 2047 3836 sparsae
2064 3801 2083 3829 ,
2156 3750 2321 3835 quod
2383 3750 2715 3835 Dionysius

714 3890 1131 3953 quaecumque
1191 3870 1512 3954 superbius
1583 3876 1784 3954 ageret
1838 3870 2095 3935 Platone
2154 3876 2400 3933 auctore
2454 3868 2713 3949 faceret,

714 3988 954 4071 reponit
996 3987 1144 4065 hoc,
1193 3987 1360 4071 quod
1404 3987 1582 4074 pulso
1629 3988 1827 4053 Dione
1871 3987 2081 4051 nullus
2127 3986 2243 4052 sibi
2286 4010 2487 4051 rerum
2517 3987 2719 4071 publi-

713 4126 918 4171 carum
966 4104 1410 4171 tractandarum
1459 4105 1628 4173 locus
1676 4112 1833 4172 esset
1874 4105 2159 4170 relictus:
2207 4098 2296 4185 ἄρ’
2340 4102 2431 4170 οὖν
2475 4102 2569 4171 οἴει
2616 4130 2715 4185 μοι
