<?xml version="1.0" encoding="UTF-8"?>
<!DOCTYPE html PUBLIC "-//W3C//DTD XHTML 1.0 Transitional//EN"
    "http://www.w3.org/TR/xhtml1/DTD/xhtml1-transitional.dtd">
<html xmlns="http://www.w3.org/1999/xhtml" xml:lang="en" lang="en">
 <head>
  <title>
</title>
<meta http-equiv="Content-Type" content="text/html;charset=utf-8" />
  <meta name='ocr-system' content='tesseract 3.04.00' />
  <meta name='ocr-capabilities' content='ocr_page ocr_carea ocr_par ocr_line ocrx_word'/>
</head>
<body>
  <div class='ocr_page' id='page_1' title='image "./commentatiocrit02karsgoog_0252.png"; bbox 0 0 3025 5067; ppageno 0'>
   <div class='ocr_carea' id='block_1_1' title="bbox 1595 424 1720 487">
    <p class='ocr_par' dir='ltr' id='par_1_1' title="bbox 1595 424 1720 487">
     <span class='ocr_line' id='line_1_1' title="bbox 1595 424 1720 487; baseline -0.008 -3"><span class='ocrx_word' id='word_1_1' title='bbox 1595 424 1720 487; x_wconf 90' lang='grc'>232</span> 
     </span>
    </p>
   </div>
   <div class='ocr_carea' id='block_1_2' title="bbox 569 616 2679 4271">
    <p class='ocr_par' dir='ltr' id='par_1_2' title="bbox 648 616 2672 1287">
     <span class='ocr_line' id='line_1_2' title="bbox 650 616 2670 708; baseline -0.002 -15"><span class='ocrx_word' id='word_1_2' title='bbox 650 630 926 707; x_wconf 73' lang='grc' dir='ltr'>μεγέθους</span> <span class='ocrx_word' id='word_1_3' title='bbox 1000 636 1105 702; x_wconf 78' lang='grc' dir='ltr'>τῆς</span> <span class='ocrx_word' id='word_1_4' title='bbox 1166 636 1271 701; x_wconf 79' lang='grc' dir='ltr'>σῆς</span> <span class='ocrx_word' id='word_1_5' title='bbox 1331 629 1522 708; x_wconf 66' lang='grc' dir='ltr'><em>ἀρχῆς</em></span> <span class='ocrx_word' id='word_1_6' title='bbox 1552 678 1566 693; x_wconf 93' lang='grc'><strong>.</strong></span> <span class='ocrx_word' id='word_1_7' title='bbox 1595 677 1610 691; x_wconf 94' lang='grc'><strong>.</strong></span> <span class='ocrx_word' id='word_1_8' title='bbox 1641 678 1656 693; x_wconf 94' lang='grc'><strong>.</strong></span> <span class='ocrx_word' id='word_1_9' title='bbox 1697 616 1894 691; x_wconf 78' lang='grc' dir='ltr'><em>τοῦτον</em></span> <span class='ocrx_word' id='word_1_10' title='bbox 1950 628 2280 707; x_wconf 76' lang='grc' dir='ltr'><em>προδοῦναι,</em></span> <span class='ocrx_word' id='word_1_11' title='bbox 2347 627 2412 690; x_wconf 82' lang='grc' dir='ltr'>σὲ</span> <span class='ocrx_word' id='word_1_12' title='bbox 2470 626 2528 689; x_wconf 73' lang='grc' dir='ltr'>δὲ</span> <span class='ocrx_word' id='word_1_13' title='bbox 2573 626 2670 690; x_wconf 79' lang='grc' dir='ltr'>τὸν</span> 
     </span>
     <span class='ocr_line' id='line_1_3' title="bbox 648 743 2665 828; baseline -0.002 -14"><span class='ocrx_word' id='word_1_14' title='bbox 648 746 925 814; x_wconf 68' lang='grc' dir='ltr'><em>ἀδικοῦνθ’</em></span> <span class='ocrx_word' id='word_1_15' title='bbox 1016 743 1244 811; x_wconf 77' lang='grc' dir='ltr'><em>ἕλεσθαι</em></span> <span class='ocrx_word' id='word_1_16' title='bbox 1328 746 1426 810; x_wconf 77' lang='grc' dir='ltr'>καὶ</span> <span class='ocrx_word' id='word_1_17' title='bbox 1498 748 1622 809; x_wconf 69' lang='grc' dir='ltr'>πᾶν</span> <span class='ocrx_word' id='word_1_18' title='bbox 1689 746 1828 825; x_wconf 69' lang='grc' dir='ltr'><em>δρᾶν</em></span> <span class='ocrx_word' id='word_1_19' title='bbox 1895 744 2007 828; x_wconf 73' lang='grc' dir='ltr'>5πῇ</span> <span class='ocrx_word' id='word_1_20' title='bbox 2090 747 2162 811; x_wconf 82' lang='grc' dir='ltr'>σὺ</span> <span class='ocrx_word' id='word_1_21' title='bbox 2241 744 2627 827; x_wconf 78' lang='grc' dir='ltr'><em>προσέταττες</em></span> <span class='ocrx_word' id='word_1_22' title='bbox 2644 795 2665 820; x_wconf 85' lang='grc'><em>,</em></span> 
     </span>
     <span class='ocr_line' id='line_1_4' title="bbox 652 861 2672 947; baseline -0.002 -15"><span class='ocrx_word' id='word_1_23' title='bbox 652 864 819 932; x_wconf 76' lang='grc' dir='ltr'><em>ἕνεκα</em></span> <span class='ocrx_word' id='word_1_24' title='bbox 876 865 1199 947; x_wconf 69' lang='grc' dir='ltr'><em>χρημάτων</em></span> <span class='ocrx_word' id='word_1_25' title='bbox 1260 864 1427 940; x_wconf 74' lang='grc' dir='ltr'><em>δῆλον</em></span> <span class='ocrx_word' id='word_1_26' title='bbox 1489 862 1574 930; x_wconf 79' lang='grc' dir='ltr'>δ’τι</span> <span class='ocrx_word' id='word_1_27' title='bbox 1594 886 1610 903; x_wconf 87' lang='grc'><em>·</em></span> <span class='ocrx_word' id='word_1_28' title='bbox 1679 864 1830 930; x_wconf 75' lang='grc' dir='ltr'><em>οὐδὲν</em></span> <span class='ocrx_word' id='word_1_29' title='bbox 1891 865 2010 944; x_wconf 71' lang='grc' dir='ltr'>γὰρ</span> <span class='ocrx_word' id='word_1_30' title='bbox 2072 863 2144 929; x_wconf 73' lang='grc' dir='ltr'>ἂν</span> <span class='ocrx_word' id='word_1_31' title='bbox 2202 861 2386 945; x_wconf 80' lang='grc' dir='ltr'><em>ἕτερον</em></span> <span class='ocrx_word' id='word_1_32' title='bbox 2453 862 2672 947; x_wconf 77' lang='grc' dir='ltr'><em>ἔφησεν</em></span> 
     </span>
     <span class='ocr_line' id='line_1_5' title="bbox 652 980 2666 1067; baseline -0.002 -17"><span class='ocrx_word' id='word_1_33' title='bbox 652 986 831 1052; x_wconf 79' lang='grc' dir='ltr'><em>αἴτιόν</em></span> <span class='ocrx_word' id='word_1_34' title='bbox 860 981 956 1057; x_wconf 64' lang='lat' dir='ltr'>‘req‘</span> <span class='ocrx_word' id='word_1_35' title='bbox 980 980 1122 1049; x_wconf 78' lang='grc' dir='ltr'><em>εἶναι</em></span> <span class='ocrx_word' id='word_1_36' title='bbox 1152 992 1259 1057; x_wconf 75' lang='grc' dir='ltr'>τῆς</span> <span class='ocrx_word' id='word_1_37' title='bbox 1288 986 1435 1063; x_wconf 79' lang='grc' dir='ltr'><em>ἐμῆς</em></span> <span class='ocrx_word' id='word_1_38' title='bbox 1465 982 1810 1061; x_wconf 74' lang='grc' dir='ltr'><em>μεταβολῆς</em></span> <span class='ocrx_word' id='word_1_39' title='bbox 1854 983 1952 1065; x_wconf 84' lang='lat' dir='ltr'>(cf.</span> <span class='ocrx_word' id='word_1_40' title='bbox 2000 981 2116 1067; x_wconf 83' lang='lat' dir='ltr'>Ep.</span> <span class='ocrx_word' id='word_1_41' title='bbox 2163 980 2266 1061; x_wconf 88' lang='lat' dir='ltr'>II,</span> <span class='ocrx_word' id='word_1_42' title='bbox 2301 1005 2362 1067; x_wconf 90' lang='lat' dir='ltr'>p.</span> <span class='ocrx_word' id='word_1_43' title='bbox 2397 984 2525 1046; x_wconf 87' lang='grc'>312</span> <span class='ocrx_word' id='word_1_44' title='bbox 2559 980 2666 1065; x_wconf 86' lang='lat' dir='ltr'>C):</span> 
     </span>
     <span class='ocr_line' id='line_1_6' title="bbox 652 1099 2672 1187; baseline -0.002 -18"><span class='ocrx_word' id='word_1_45' title='bbox 652 1102 760 1169; x_wconf 88' lang='lat' dir='ltr'>ubi</span> <span class='ocrx_word' id='word_1_46' title='bbox 804 1102 961 1167; x_wconf 88' lang='lat' dir='ltr'>illud</span> <span class='ocrx_word' id='word_1_47' title='bbox 1018 1100 1201 1182; x_wconf 75' lang='grc' dir='ltr'><strong><em>ἔφησέ</em></strong></span> <span class='ocrx_word' id='word_1_48' title='bbox 1246 1126 1335 1174; x_wconf 79' lang='grc' dir='ltr'>τις</span> <span class='ocrx_word' id='word_1_49' title='bbox 1381 1099 1454 1166; x_wconf 75' lang='grc' dir='ltr'>ἂν</span> <span class='ocrx_word' id='word_1_50' title='bbox 1500 1100 1578 1165; x_wconf 88' lang='lat' dir='ltr'>ad</span> <span class='ocrx_word' id='word_1_51' title='bbox 1627 1102 2015 1187; x_wconf 85' lang='lat' dir='ltr'>pervulgatos</span> <span class='ocrx_word' id='word_1_52' title='bbox 2060 1122 2333 1165; x_wconf 85' lang='lat' dir='ltr'>rumores</span> <span class='ocrx_word' id='word_1_53' title='bbox 2371 1100 2672 1185; x_wconf 80' lang='lat' dir='ltr'>respicere</span> 
     </span>
     <span class='ocr_line' id='line_1_7' title="bbox 654 1221 1310 1287; baseline -0.003 0"><span class='ocrx_word' id='word_1_54' title='bbox 654 1244 779 1287; x_wconf 86' lang='lat' dir='ltr'>non</span> <span class='ocrx_word' id='word_1_55' title='bbox 827 1221 1149 1287; x_wconf 89' lang='lat' dir='ltr'>obscurum</span> <span class='ocrx_word' id='word_1_56' title='bbox 1200 1226 1310 1285; x_wconf 91' lang='lat' dir='ltr'>est.</span> 
     </span>
    </p>

    <p class='ocr_par' dir='ltr' id='par_1_3' title="bbox 569 1336 2679 2963">
     <span class='ocr_line' id='line_1_8' title="bbox 739 1336 2672 1424; baseline -0.002 -21"><span class='ocrx_word' id='word_1_57' title='bbox 739 1339 855 1403; x_wconf 90' lang='lat' dir='ltr'>His</span> <span class='ocrx_word' id='word_1_58' title='bbox 903 1345 1105 1403; x_wconf 89' lang='lat' dir='ltr'>autem</span> <span class='ocrx_word' id='word_1_59' title='bbox 1153 1336 1499 1402; x_wconf 89' lang='lat' dir='ltr'>rumoribus</span> <span class='ocrx_word' id='word_1_60' title='bbox 1548 1336 1831 1424; x_wconf 73' lang='lat' dir='ltr'><strong>Epistola</strong></span> <span class='ocrx_word' id='word_1_61' title='bbox 1875 1360 2077 1402; x_wconf 90' lang='lat' dir='ltr'>veram</span> <span class='ocrx_word' id='word_1_62' title='bbox 2123 1337 2379 1423; x_wconf 88' lang='lat' dir='ltr'>opponit</span> <span class='ocrx_word' id='word_1_63' title='bbox 2424 1358 2672 1401; x_wconf 85' lang='lat' dir='ltr'>causam</span> 
     </span>
     <span class='ocr_line' id='line_1_9' title="bbox 650 1455 2669 1541; baseline -0.002 -17"><span class='ocrx_word' id='word_1_64' title='bbox 650 1481 761 1524; x_wconf 87' lang='lat' dir='ltr'>cur</span> <span class='ocrx_word' id='word_1_65' title='bbox 811 1458 989 1523; x_wconf 89' lang='lat' dir='ltr'>Plato</span> <span class='ocrx_word' id='word_1_66' title='bbox 1036 1457 1304 1521; x_wconf 84' lang='lat' dir='ltr'>Siciliam</span> <span class='ocrx_word' id='word_1_67' title='bbox 1352 1455 1607 1533; x_wconf 86' lang='lat' dir='ltr'>adierit,</span> <span class='ocrx_word' id='word_1_68' title='bbox 1655 1479 1878 1541; x_wconf 90' lang='lat' dir='ltr'>nempe</span> <span class='ocrx_word' id='word_1_69' title='bbox 1927 1463 1998 1520; x_wconf 90' lang='lat' dir='ltr'>ut</span> <span class='ocrx_word' id='word_1_70' title='bbox 2045 1456 2390 1521; x_wconf 78' lang='lat' dir='ltr'>ostenderet</span> <span class='ocrx_word' id='word_1_71' title='bbox 2434 1479 2498 1519; x_wconf 89' lang='lat' dir='ltr'>se</span> <span class='ocrx_word' id='word_1_72' title='bbox 2542 1477 2669 1519; x_wconf 87' lang='lat' dir='ltr'>non</span> 
     </span>
     <span class='ocr_line' id='line_1_10' title="bbox 650 1574 2676 1661; baseline -0.001 -20"><span class='ocrx_word' id='word_1_73' title='bbox 650 1584 895 1641; x_wconf 87' lang='lat' dir='ltr'>tantum</span> <span class='ocrx_word' id='word_1_74' title='bbox 936 1576 1180 1641; x_wconf 89' lang='lat' dir='ltr'>dicendi</span> <span class='ocrx_word' id='word_1_75' title='bbox 1220 1575 1483 1661; x_wconf 87' lang='lat' dir='ltr'>peritum</span> <span class='ocrx_word' id='word_1_76' title='bbox 1520 1597 1684 1654; x_wconf 87' lang='lat' dir='ltr'>esse,</span> <span class='ocrx_word' id='word_1_77' title='bbox 1719 1574 1826 1640; x_wconf 89' lang='lat' dir='ltr'>sed</span> <span class='ocrx_word' id='word_1_78' title='bbox 1860 1582 2140 1660; x_wconf 83' lang='lat' dir='ltr'>paratum</span> <span class='ocrx_word' id='word_1_79' title='bbox 2172 1575 2354 1639; x_wconf 86' lang='lat' dir='ltr'>etiam</span> <span class='ocrx_word' id='word_1_80' title='bbox 2386 1574 2463 1638; x_wconf 87' lang='lat' dir='ltr'>ad</span> <span class='ocrx_word' id='word_1_81' title='bbox 2496 1596 2676 1658; x_wconf 85' lang='lat' dir='ltr'>agen·</span> 
     </span>
     <span class='ocr_line' id='line_1_11' title="bbox 652 1691 2672 1779; baseline -0.001 -20"><span class='ocrx_word' id='word_1_82' title='bbox 652 1694 827 1775; x_wconf 88' lang='lat' dir='ltr'>dum,</span> <span class='ocrx_word' id='word_1_83' title='bbox 894 1693 958 1758; x_wconf 88' lang='lat' dir='ltr'>h.</span> <span class='ocrx_word' id='word_1_84' title='bbox 1016 1716 1067 1758; x_wconf 88' lang='lat' dir='ltr'>e.</span> <span class='ocrx_word' id='word_1_85' title='bbox 1137 1692 1214 1757; x_wconf 86' lang='lat' dir='ltr'>ad</span> <span class='ocrx_word' id='word_1_86' title='bbox 1276 1692 1537 1757; x_wconf 81' lang='lat' dir='ltr'>civitatis</span> <span class='ocrx_word' id='word_1_87' title='bbox 1602 1693 1849 1778; x_wconf 85' lang='lat' dir='ltr'>negotia</span> <span class='ocrx_word' id='word_1_88' title='bbox 1892 1692 2245 1772; x_wconf 85' lang='lat' dir='ltr'>tractanda,</span> <span class='ocrx_word' id='word_1_89' title='bbox 2295 1716 2356 1779; x_wconf 87' lang='lat' dir='ltr'>p.</span> <span class='ocrx_word' id='word_1_90' title='bbox 2405 1694 2536 1757; x_wconf 88' lang='grc'>328</span> <span class='ocrx_word' id='word_1_91' title='bbox 2583 1691 2672 1757; x_wconf 82' lang='lat' dir='ltr'>O.</span> 
     </span>
     <span class='ocr_line' id='line_1_12' title="bbox 650 1784 2678 1894; baseline -0.001 -17"><span class='ocrx_word' id='word_1_92' title='bbox 650 1812 864 1894; x_wconf 62' lang='grc' dir='ltr'><em>ταύτῃ</em></span> <span class='ocrx_word' id='word_1_93' title='bbox 880 1812 986 1890; x_wconf 78' lang='grc' dir='ltr'>μὲν</span> <span class='ocrx_word' id='word_1_94' title='bbox 1035 1811 1103 1885; x_wconf 71' lang='grc' dir='ltr'>δη</span> <span class='ocrx_word' id='word_1_95' title='bbox 1149 1820 1223 1893; x_wconf 69' lang='grc' dir='ltr'>τῇ</span> <span class='ocrx_word' id='word_1_96' title='bbox 1272 1811 1487 1893; x_wconf 75' lang='grc' dir='ltr'><em>διανοία</em></span> <span class='ocrx_word' id='word_1_97' title='bbox 1534 1836 1602 1876; x_wconf 78' lang='grc' dir='ltr'>τε</span> <span class='ocrx_word' id='word_1_98' title='bbox 1647 1811 1745 1875; x_wconf 76' lang='grc' dir='ltr'>καὶ</span> <span class='ocrx_word' id='word_1_99' title='bbox 1795 1812 1988 1893; x_wconf 65' lang='grc' dir='ltr'><em>τόλμῃ</em></span> <span class='ocrx_word' id='word_1_100' title='bbox 2030 1784 2234 1889; x_wconf 70' lang='grc' dir='ltr'><em>ἀπῆρα</em></span> <span class='ocrx_word' id='word_1_101' title='bbox 2277 1811 2516 1894; x_wconf 71' lang='grc' dir='ltr'><em>οἴκοθεν,</em></span> <span class='ocrx_word' id='word_1_102' title='bbox 2557 1812 2678 1890; x_wconf 80' lang='grc' dir='ltr'>οὐχ</span> 
     </span>
     <span class='ocr_line' id='line_1_13' title="bbox 651 1927 2678 2012; baseline -0.001 -18"><span class='ocrx_word' id='word_1_103' title='bbox 651 1928 687 2012; x_wconf 73' lang='grc' dir='ltr'><strong><em>ᾖ</em></strong></span> <span class='ocrx_word' id='word_1_104' title='bbox 744 1930 892 2002; x_wconf 79' lang='grc' dir='ltr'><em>τινὲς</em></span> <span class='ocrx_word' id='word_1_105' title='bbox 946 1928 1241 2009; x_wconf 73' lang='grc' dir='ltr'><em>ἐδόξαζον,</em></span> <span class='ocrx_word' id='word_1_106' title='bbox 1287 1930 1427 1993; x_wconf 71' lang='grc' dir='ltr'><em>ἀλλ’</em></span> <span class='ocrx_word' id='word_1_107' title='bbox 1476 1927 1890 2009; x_wconf 75' lang='grc' dir='ltr'><em>αἰσχυνόμενος</em></span> <span class='ocrx_word' id='word_1_108' title='bbox 1937 1929 2041 2005; x_wconf 76' lang='grc' dir='ltr'>μὲν</span> <span class='ocrx_word' id='word_1_109' title='bbox 2091 1928 2344 2007; x_wconf 71' lang='grc' dir='ltr'><em>ἐμαυτὸν</em></span> <span class='ocrx_word' id='word_1_110' title='bbox 2388 1928 2456 1994; x_wconf 80' lang='grc' dir='ltr'>τὸ</span> <span class='ocrx_word' id='word_1_111' title='bbox 2499 1929 2678 2005; x_wconf 76' lang='grc' dir='ltr'><em>μέγι-</em></span> 
     </span>
     <span class='ocr_line' id='line_1_14' title="bbox 650 2042 2679 2128; baseline -0.001 -15"><span class='ocrx_word' id='word_1_112' title='bbox 650 2071 815 2123; x_wconf 78' lang='grc' dir='ltr'><em>στον,</em></span> <span class='ocrx_word' id='word_1_113' title='bbox 861 2048 945 2125; x_wconf 69' lang='grc' dir='ltr'>μὴ</span> <span class='ocrx_word' id='word_1_114' title='bbox 980 2046 1213 2125; x_wconf 77' lang='grc' dir='ltr'><em>δόξαιμί</em></span> <span class='ocrx_word' id='word_1_115' title='bbox 1246 2049 1378 2112; x_wconf 80' lang='grc' dir='ltr'><em>ποτ’</em></span> <span class='ocrx_word' id='word_1_116' title='bbox 1400 2048 1637 2127; x_wconf 72' lang='grc' dir='ltr'><em>ἐμαυτῷ</em></span> <span class='ocrx_word' id='word_1_117' title='bbox 1660 2048 1718 2111; x_wconf 83' lang='grc' dir='ltr'>ἐν</span> <span class='ocrx_word' id='word_1_118' title='bbox 1749 2047 1997 2124; x_wconf 73' lang='grc' dir='ltr'><em>λόγοις</em></span> <span class='ocrx_word' id='word_1_119' title='bbox 2037 2047 2203 2123; x_wconf 78' lang='grc' dir='ltr'><em>μόνον</em></span> <span class='ocrx_word' id='word_1_120' title='bbox 2227 2048 2493 2128; x_wconf 68' lang='grc' dir='ltr'><em>ἀτεχνῶς</em></span> <span class='ocrx_word' id='word_1_121' title='bbox 2523 2042 2679 2111; x_wconf 76' lang='grc' dir='ltr'><em>εἶναι’</em></span> 
     </span>
     <span class='ocr_line' id='line_1_15' title="bbox 649 2162 2672 2245; baseline -0.002 -14"><span class='ocrx_word' id='word_1_122' title='bbox 649 2189 772 2242; x_wconf 76' lang='grc' dir='ltr'><em>τις,</em></span> <span class='ocrx_word' id='word_1_123' title='bbox 812 2166 1017 2245; x_wconf 72' lang='grc' dir='ltr'><em>ἔργον</em></span> <span class='ocrx_word' id='word_1_124' title='bbox 1056 2164 1104 2229; x_wconf 76' lang='grc' dir='ltr'>δ’</span> <span class='ocrx_word' id='word_1_125' title='bbox 1118 2164 1335 2237; x_wconf 78' lang='grc' dir='ltr'><em>οὐδενὸς</em></span> <span class='ocrx_word' id='word_1_126' title='bbox 1364 2162 1439 2229; x_wconf 76' lang='grc' dir='ltr'>ἄν</span> <span class='ocrx_word' id='word_1_127' title='bbox 1469 2165 1594 2230; x_wconf 77' lang='grc' dir='ltr'><em>ποθ’</em></span> <span class='ocrx_word' id='word_1_128' title='bbox 1617 2166 1751 2230; x_wconf 76' lang='grc' dir='ltr'><em>ἑκὼν</em></span> <span class='ocrx_word' id='word_1_129' title='bbox 1777 2162 2178 2245; x_wconf 68' lang='grc' dir='ltr'><em>ἀνθάψασθαι.</em></span> <span class='ocrx_word' id='word_1_130' title='bbox 2224 2163 2672 2229; x_wconf 88' lang='lat' dir='ltr'>Proficiscendo</span> 
     </span>
     <span class='ocr_line' id='line_1_16' title="bbox 650 2282 2675 2369; baseline -0.001 -22"><span class='ocrx_word' id='word_1_131' title='bbox 650 2282 974 2369; x_wconf 82' lang='lat' dir='ltr'><strong>Syracusas</strong></span> <span class='ocrx_word' id='word_1_132' title='bbox 1011 2284 1179 2368; x_wconf 86' lang='lat' dir='ltr'>justo</span> <span class='ocrx_word' id='word_1_133' title='bbox 1216 2305 1359 2367; x_wconf 83' lang='lat' dir='ltr'>erga</span> <span class='ocrx_word' id='word_1_134' title='bbox 1402 2282 1847 2369; x_wconf 80' lang='lat' dir='ltr'>philosophiam</span> <span class='ocrx_word' id='word_1_135' title='bbox 1898 2283 2095 2347; x_wconf 89' lang='lat' dir='ltr'>officio</span> <span class='ocrx_word' id='word_1_136' title='bbox 2129 2306 2192 2347; x_wconf 92' lang='lat' dir='ltr'>se</span> <span class='ocrx_word' id='word_1_137' title='bbox 2221 2282 2397 2367; x_wconf 83' lang='lat' dir='ltr'>fungi</span> <span class='ocrx_word' id='word_1_138' title='bbox 2412 2282 2675 2368; x_wconf 77' lang='lat' dir='ltr'>putabat</span> 
     </span>
     <span class='ocr_line' id='line_1_17' title="bbox 569 2399 2670 2487; baseline -0.001 -20"><span class='ocrx_word' id='word_1_139' title='bbox 569 2427 574 2432; x_wconf 90' lang='lat'><strong>·</strong></span> <span class='ocrx_word' id='word_1_140' title='bbox 651 2404 735 2487; x_wconf 90' lang='lat' dir='ltr'>(p.</span> <span class='ocrx_word' id='word_1_141' title='bbox 793 2405 919 2467; x_wconf 85' lang='grc'>329</span> <span class='ocrx_word' id='word_1_142' title='bbox 975 2402 1086 2487; x_wconf 84' lang='lat' dir='ltr'>B):</span> <span class='ocrx_word' id='word_1_143' title='bbox 1148 2402 1320 2467; x_wconf 76' lang='grc' dir='ltr'><em>ἐλθών</em></span> <span class='ocrx_word' id='word_1_144' title='bbox 1370 2404 1429 2466; x_wconf 81' lang='grc' dir='ltr'>τ’</span> <span class='ocrx_word' id='word_1_145' title='bbox 1458 2401 1712 2479; x_wconf 80' lang='grc' dir='ltr'><em>ἐμαυτὸν</em></span> <span class='ocrx_word' id='word_1_146' title='bbox 1757 2401 2116 2483; x_wconf 75' lang='grc' dir='ltr'><em>ἠλευθέρωσα</em></span> <span class='ocrx_word' id='word_1_147' title='bbox 2162 2401 2296 2473; x_wconf 82' lang='grc' dir='ltr'><em>Διὸς</em></span> <span class='ocrx_word' id='word_1_148' title='bbox 2345 2399 2524 2477; x_wconf 78' lang='grc' dir='ltr'><em>ξενίου</em></span> <span class='ocrx_word' id='word_1_149' title='bbox 2570 2400 2670 2465; x_wconf 77' lang='grc' dir='ltr'>καὶ</span> 
     </span>
     <span class='ocr_line' id='line_1_18' title="bbox 651 2514 2674 2606; baseline -0.001 -21"><span class='ocrx_word' id='word_1_150' title='bbox 651 2528 757 2594; x_wconf 78' lang='grc' dir='ltr'>τῆς</span> <span class='ocrx_word' id='word_1_151' title='bbox 800 2520 1127 2603; x_wconf 67' lang='grc' dir='ltr'><em>φιλοσόφου</em></span> <span class='ocrx_word' id='word_1_152' title='bbox 1172 2520 1539 2598; x_wconf 69' lang='grc' dir='ltr'><em>εξνέγκλητον</em></span> <span class='ocrx_word' id='word_1_153' title='bbox 1583 2528 1790 2599; x_wconf 80' lang='grc' dir='ltr'><em>μοῖρας</em></span> <span class='ocrx_word' id='word_1_154' title='bbox 1836 2514 2166 2602; x_wconf 72' lang='grc' dir='ltr'><em>παρέσχονε</em></span> <span class='ocrx_word' id='word_1_155' title='bbox 2214 2542 2431 2606; x_wconf 86' lang='lat' dir='ltr'>nempe</span> <span class='ocrx_word' id='word_1_156' title='bbox 2455 2527 2526 2584; x_wconf 89' lang='lat' dir='ltr'>ut</span> <span class='ocrx_word' id='word_1_157' title='bbox 2555 2520 2674 2583; x_wconf 87' lang='lat' dir='ltr'>for-</span> 
     </span>
     <span class='ocr_line' id='line_1_19' title="bbox 657 2638 2672 2725; baseline 0 -22"><span class='ocrx_word' id='word_1_158' title='bbox 657 2638 878 2703; x_wconf 85' lang='lat' dir='ltr'>mando</span> <span class='ocrx_word' id='word_1_159' title='bbox 924 2639 1198 2725; x_wconf 83' lang='lat' dir='ltr'>principe</span> <span class='ocrx_word' id='word_1_160' title='bbox 1244 2646 1307 2703; x_wconf 89' lang='lat' dir='ltr'>et</span> <span class='ocrx_word' id='word_1_161' title='bbox 1351 2638 1685 2711; x_wconf 83' lang='lat' dir='ltr'>condendis</span> <span class='ocrx_word' id='word_1_162' title='bbox 1731 2639 1974 2724; x_wconf 82' lang='lat' dir='ltr'>legibus</span> <span class='ocrx_word' id='word_1_163' title='bbox 2006 2639 2453 2725; x_wconf 84' lang='lat' dir='ltr'>philosophiam</span> <span class='ocrx_word' id='word_1_164' title='bbox 2488 2640 2672 2704; x_wconf 88' lang='lat' dir='ltr'>etiam</span> 
     </span>
     <span class='ocr_line' id='line_1_20' title="bbox 652 2756 2674 2843; baseline 0.001 -22"><span class='ocrx_word' id='word_1_165' title='bbox 652 2758 884 2843; x_wconf 90' lang='lat' dir='ltr'>populo</span> <span class='ocrx_word' id='word_1_166' title='bbox 932 2766 1237 2843; x_wconf 81' lang='lat' dir='ltr'>acceptam</span> <span class='ocrx_word' id='word_1_167' title='bbox 1273 2767 1334 2822; x_wconf 90' lang='lat' dir='ltr'>et</span> <span class='ocrx_word' id='word_1_168' title='bbox 1363 2758 1722 2823; x_wconf 81' lang='lat' dir='ltr'>honoratam</span> <span class='ocrx_word' id='word_1_169' title='bbox 1755 2759 2034 2823; x_wconf 88' lang='lat' dir='ltr'>redderet</span> <span class='ocrx_word' id='word_1_170' title='bbox 2054 2808 2070 2836; x_wconf 90' lang='lat'>,</span> <span class='ocrx_word' id='word_1_171' title='bbox 2104 2756 2198 2825; x_wconf 77' lang='grc' dir='ltr'>ἵνα</span> <span class='ocrx_word' id='word_1_172' title='bbox 2219 2784 2312 2837; x_wconf 80' lang='grc' dir='ltr'>μοι</span> <span class='ocrx_word' id='word_1_173' title='bbox 2336 2761 2552 2839; x_wconf 76' lang='grc' dir='ltr'><em>τιμῷτο</em></span> <span class='ocrx_word' id='word_1_174' title='bbox 2575 2766 2674 2840; x_wconf 74' lang='lat'>&lt;01-</span> 
     </span>
     <span class='ocr_line' id='line_1_21' title="bbox 654 2876 2504 2963; baseline 0 -22"><span class='ocrx_word' id='word_1_175' title='bbox 654 2878 909 2962; x_wconf 82' lang='grc' dir='ltr'><em>λοσοφία</em></span> <span class='ocrx_word' id='word_1_176' title='bbox 952 2877 1049 2942; x_wconf 78' lang='grc' dir='ltr'>καὶ</span> <span class='ocrx_word' id='word_1_177' title='bbox 1096 2877 1259 2957; x_wconf 72' lang='grc' dir='ltr'>παρὰ</span> <span class='ocrx_word' id='word_1_178' title='bbox 1299 2880 1380 2959; x_wconf 76' lang='grc' dir='ltr'>τῷ</span> <span class='ocrx_word' id='word_1_179' title='bbox 1428 2879 1654 2953; x_wconf 76' lang='grc' dir='ltr'><em>πλήθει.</em></span> <span class='ocrx_word' id='word_1_180' title='bbox 1746 2876 1944 2963; x_wconf 85' lang='lat' dir='ltr'>Epist.</span> <span class='ocrx_word' id='word_1_181' title='bbox 1993 2876 2099 2956; x_wconf 89' lang='grc' dir='ltr'>Π,</span> <span class='ocrx_word' id='word_1_182' title='bbox 2148 2902 2208 2963; x_wconf 90' lang='lat' dir='ltr'>p.</span> <span class='ocrx_word' id='word_1_183' title='bbox 2251 2881 2378 2942; x_wconf 88' lang='grc'>312</span> <span class='ocrx_word' id='word_1_184' title='bbox 2428 2880 2504 2941; x_wconf 89' lang='lat' dir='ltr'>A.</span> 
     </span>
    </p>

    <p class='ocr_par' dir='ltr' id='par_1_4' title="bbox 654 2992 2675 4271">
     <span class='ocr_line' id='line_1_22' title="bbox 746 2992 2674 3080; baseline 0 -21"><span class='ocrx_word' id='word_1_185' title='bbox 746 2992 930 3075; x_wconf 79' lang='lat' dir='ltr'>Quod</span> <span class='ocrx_word' id='word_1_186' title='bbox 978 3002 1179 3059; x_wconf 89' lang='lat' dir='ltr'>autem</span> <span class='ocrx_word' id='word_1_187' title='bbox 1228 2994 1307 3058; x_wconf 85' lang='lat' dir='ltr'>ad</span> <span class='ocrx_word' id='word_1_188' title='bbox 1354 2995 1856 3061; x_wconf 87' lang='lat' dir='ltr'>consuetudinem</span> <span class='ocrx_word' id='word_1_189' title='bbox 1909 2996 2036 3060; x_wconf 88' lang='lat' dir='ltr'>eius</span> <span class='ocrx_word' id='word_1_190' title='bbox 2070 3018 2206 3061; x_wconf 87' lang='lat' dir='ltr'>cum</span> <span class='ocrx_word' id='word_1_191' title='bbox 2240 2996 2538 3080; x_wconf 85' lang='lat' dir='ltr'>Dionysio</span> <span class='ocrx_word' id='word_1_192' title='bbox 2585 3005 2674 3059; x_wconf 84' lang='lat' dir='ltr'>at-</span> 
     </span>
     <span class='ocr_line' id='line_1_23' title="bbox 654 3113 2674 3199; baseline 0.001 -22"><span class='ocrx_word' id='word_1_193' title='bbox 654 3113 847 3192; x_wconf 86' lang='lat' dir='ltr'>tinet,</span> <span class='ocrx_word' id='word_1_194' title='bbox 906 3114 1037 3199; x_wconf 90' lang='lat' dir='ltr'>ipse</span> <span class='ocrx_word' id='word_1_195' title='bbox 1096 3123 1526 3179; x_wconf 80' lang='lat' dir='ltr'>commemorat</span> <span class='ocrx_word' id='word_1_196' title='bbox 1567 3114 1810 3199; x_wconf 80' lang='lat' dir='ltr'>¹passim</span> <span class='ocrx_word' id='word_1_197' title='bbox 1874 3115 2068 3178; x_wconf 86' lang='lat' dir='ltr'>varias</span> <span class='ocrx_word' id='word_1_198' title='bbox 2113 3115 2562 3179; x_wconf 81' lang='lat' dir='ltr'>criminationes</span> <span class='ocrx_word' id='word_1_199' title='bbox 2609 3122 2674 3179; x_wconf 89' lang='lat' dir='ltr'>et</span> 
     </span>
     <span class='ocr_line' id='line_1_24' title="bbox 654 3232 2672 3319; baseline 0.001 -22"><span class='ocrx_word' id='word_1_200' title='bbox 654 3254 927 3298; x_wconf 85' lang='lat' dir='ltr'>rumores</span> <span class='ocrx_word' id='word_1_201' title='bbox 990 3234 1063 3298; x_wconf 87' lang='lat' dir='ltr'>ab</span> <span class='ocrx_word' id='word_1_202' title='bbox 1125 3233 1388 3297; x_wconf 90' lang='lat' dir='ltr'>inimicis</span> <span class='ocrx_word' id='word_1_203' title='bbox 1452 3232 1605 3298; x_wconf 81' lang='lat' dir='ltr'>falso</span> <span class='ocrx_word' id='word_1_204' title='bbox 1664 3233 1782 3298; x_wconf 90' lang='lat' dir='ltr'>sibi</span> <span class='ocrx_word' id='word_1_205' title='bbox 1827 3232 2048 3299; x_wconf 83' lang='lat' dir='ltr'>oblata.</span> <span class='ocrx_word' id='word_1_206' title='bbox 2142 3232 2218 3298; x_wconf 92' lang='lat' dir='ltr'>In</span> <span class='ocrx_word' id='word_1_207' title='bbox 2263 3233 2360 3307; x_wconf 84' lang='lat' dir='ltr'>his</span> <span class='ocrx_word' id='word_1_208' title='bbox 2405 3233 2672 3319; x_wconf 87' lang='lat' dir='ltr'>primum</span> 
     </span>
     <span class='ocr_line' id='line_1_25' title="bbox 656 3351 2675 3438; baseline 0.001 -23"><span class='ocrx_word' id='word_1_209' title='bbox 656 3351 857 3417; x_wconf 89' lang='lat' dir='ltr'>locum</span> <span class='ocrx_word' id='word_1_210' title='bbox 919 3358 1131 3416; x_wconf 88' lang='lat' dir='ltr'>tenent</span> <span class='ocrx_word' id='word_1_211' title='bbox 1190 3351 1462 3430; x_wconf 78' lang='grc' dir='ltr'><em>διαβολαὶ</em></span> <span class='ocrx_word' id='word_1_212' title='bbox 1529 3352 2009 3417; x_wconf 82' lang='lat' dir='ltr'>adversariorum</span> <span class='ocrx_word' id='word_1_213' title='bbox 2025 3402 2044 3431; x_wconf 90' lang='lat'>‚</span> <span class='ocrx_word' id='word_1_214' title='bbox 2105 3353 2213 3438; x_wconf 91' lang='lat' dir='ltr'>qui</span> <span class='ocrx_word' id='word_1_215' title='bbox 2273 3352 2536 3417; x_wconf 87' lang='lat' dir='ltr'>Dionem</span> <span class='ocrx_word' id='word_1_216' title='bbox 2581 3360 2675 3437; x_wconf 80' lang='lat' dir='ltr'>ty·</span> 
     </span>
     <span class='ocr_line' id='line_1_26' title="bbox 655 3470 2673 3556; baseline 0.001 -23"><span class='ocrx_word' id='word_1_217' title='bbox 655 3492 847 3534; x_wconf 89' lang='lat' dir='ltr'>ranno</span> <span class='ocrx_word' id='word_1_218' title='bbox 892 3470 959 3534; x_wconf 91' lang='lat' dir='ltr'>in</span> <span class='ocrx_word' id='word_1_219' title='bbox 1004 3470 1410 3555; x_wconf 88' lang='lat' dir='ltr'>suspicionem</span> <span class='ocrx_word' id='word_1_220' title='bbox 1458 3470 1848 3535; x_wconf 82' lang='lat' dir='ltr'>adduxerunt</span> <span class='ocrx_word' id='word_1_221' title='bbox 1909 3471 2084 3555; x_wconf 86' lang='lat' dir='ltr'>quasi</span> <span class='ocrx_word' id='word_1_222' title='bbox 2128 3471 2297 3535; x_wconf 90' lang='lat' dir='ltr'>illius</span> <span class='ocrx_word' id='word_1_223' title='bbox 2342 3494 2530 3556; x_wconf 89' lang='lat' dir='ltr'>regno</span> <span class='ocrx_word' id='word_1_224' title='bbox 2581 3471 2673 3535; x_wconf 91' lang='lat' dir='ltr'>in-</span> 
     </span>
     <span class='ocr_line' id='line_1_27' title="bbox 656 3587 2672 3676; baseline 0.001 -25"><span class='ocrx_word' id='word_1_225' title='bbox 656 3587 997 3653; x_wconf 87' lang='lat' dir='ltr'>sidiaretur.</span> <span class='ocrx_word' id='word_1_226' title='bbox 1102 3587 1322 3673; x_wconf 90' lang='lat' dir='ltr'>Neque</span> <span class='ocrx_word' id='word_1_227' title='bbox 1396 3587 1574 3654; x_wconf 85' lang='lat' dir='ltr'>Plato</span> <span class='ocrx_word' id='word_1_228' title='bbox 1641 3589 1927 3653; x_wconf 85' lang='lat' dir='ltr'>immunis</span> <span class='ocrx_word' id='word_1_229' title='bbox 1991 3588 2426 3676; x_wconf 78' lang='lat' dir='ltr'>perhibebatur</span> <span class='ocrx_word' id='word_1_230' title='bbox 2483 3589 2672 3654; x_wconf 88' lang='lat' dir='ltr'>huius</span> 
     </span>
     <span class='ocr_line' id='line_1_28' title="bbox 655 3684 2671 3793; baseline 0.001 -22"><span class='ocrx_word' id='word_1_231' title='bbox 655 3706 1046 3771; x_wconf 88' lang='lat' dir='ltr'>consiliorum</span> <span class='ocrx_word' id='word_1_232' title='bbox 1061 3732 1081 3785; x_wconf 78' lang='lat'><em>3</em></span> <span class='ocrx_word' id='word_1_233' title='bbox 1153 3706 1554 3773; x_wconf 82' lang='lat' dir='ltr'>accusabatur</span> <span class='ocrx_word' id='word_1_234' title='bbox 1574 3756 1594 3786; x_wconf 87' lang='lat'><em>,</em></span> <span class='ocrx_word' id='word_1_235' title='bbox 1667 3708 1834 3792; x_wconf 88' lang='lat' dir='ltr'>quod</span> <span class='ocrx_word' id='word_1_236' title='bbox 1899 3684 2092 3793; x_wconf 81' lang='lat' dir='ltr'>magis</span> <span class='ocrx_word' id='word_1_237' title='bbox 2159 3707 2349 3773; x_wconf 87' lang='lat' dir='ltr'>Dioni</span> <span class='ocrx_word' id='word_1_238' title='bbox 2417 3709 2671 3793; x_wconf 86' lang='lat' dir='ltr'>eiusque</span> 
     </span>
     <span class='ocr_line' id='line_1_29' title="bbox 657 3799 2670 3912; baseline 0.001 -23"><span class='ocrx_word' id='word_1_239' title='bbox 657 3823 885 3904; x_wconf 85' lang='lat' dir='ltr'>amicis,</span> <span class='ocrx_word' id='word_1_240' title='bbox 917 3799 1261 3905; x_wconf 69' lang='lat' dir='ltr'>Heraclidi,</span> <span class='ocrx_word' id='word_1_241' title='bbox 1294 3824 1631 3905; x_wconf 82' lang='lat' dir='ltr'>Theodoti,</span> <span class='ocrx_word' id='word_1_242' title='bbox 1657 3825 1791 3891; x_wconf 85' lang='lat' dir='ltr'>aliis</span> <span class='ocrx_word' id='word_1_243' title='bbox 1811 3875 1830 3904; x_wconf 90' lang='lat'>‚</span> <span class='ocrx_word' id='word_1_244' title='bbox 1863 3827 2090 3891; x_wconf 85' lang='lat' dir='ltr'>faveret</span> <span class='ocrx_word' id='word_1_245' title='bbox 2120 3849 2304 3912; x_wconf 89' lang='lat' dir='ltr'>quam</span> <span class='ocrx_word' id='word_1_246' title='bbox 2335 3827 2463 3911; x_wconf 88' lang='lat' dir='ltr'>regi</span> <span class='ocrx_word' id='word_1_247' title='bbox 2494 3828 2670 3891; x_wconf 85' lang='lat' dir='ltr'>cuius</span> 
     </span>
     <span class='ocr_line' id='line_1_30' title="bbox 655 3942 2668 4031; baseline 0.001 -24"><span class='ocrx_word' id='word_1_248' title='bbox 655 3942 973 4008; x_wconf 86' lang='lat' dir='ltr'>fruebatur</span> <span class='ocrx_word' id='word_1_249' title='bbox 1032 3942 1320 4029; x_wconf 76' lang='lat' dir='ltr'>hospitio,</span> <span class='ocrx_word' id='word_1_250' title='bbox 1411 3942 1654 4009; x_wconf 84' lang='lat' dir='ltr'>Diserte</span> <span class='ocrx_word' id='word_1_251' title='bbox 1717 3944 1834 4009; x_wconf 88' lang='lat' dir='ltr'>hoc</span> <span class='ocrx_word' id='word_1_252' title='bbox 1880 3944 2107 4010; x_wconf 88' lang='lat' dir='ltr'>dicitur</span> <span class='ocrx_word' id='word_1_253' title='bbox 2151 3944 2346 4031; x_wconf 83' lang='lat' dir='ltr'>Epist.</span> <span class='ocrx_word' id='word_1_254' title='bbox 2394 3944 2558 4023; x_wconf 68' lang='lat' dir='ltr'>VII,</span> <span class='ocrx_word' id='word_1_255' title='bbox 2605 3968 2668 4031; x_wconf 84' lang='lat' dir='ltr'>p.</span> 
     </span>
     <span class='ocr_line' id='line_1_31' title="bbox 658 4061 2670 4148; baseline 0.001 -22"><span class='ocrx_word' id='word_1_256' title='bbox 658 4064 786 4127; x_wconf 82' lang='lat'>350</span> <span class='ocrx_word' id='word_1_257' title='bbox 819 4061 868 4127; x_wconf 88' lang='lat' dir='ltr'>C</span> <span class='ocrx_word' id='word_1_258' title='bbox 888 4110 907 4141; x_wconf 88' lang='lat'>‚</span> <span class='ocrx_word' id='word_1_259' title='bbox 942 4062 1051 4127; x_wconf 90' lang='lat' dir='ltr'>ubi</span> <span class='ocrx_word' id='word_1_260' title='bbox 1079 4062 1258 4127; x_wconf 86' lang='lat' dir='ltr'>Plato</span> <span class='ocrx_word' id='word_1_261' title='bbox 1290 4062 1367 4127; x_wconf 87' lang='lat' dir='ltr'>de</span> <span class='ocrx_word' id='word_1_262' title='bbox 1403 4063 1700 4148; x_wconf 86' lang='lat' dir='ltr'>Dionysio</span> <span class='ocrx_word' id='word_1_263' title='bbox 1727 4064 1968 4130; x_wconf 84' lang='lat' dir='ltr'>scribit:</span> <span class='ocrx_word' id='word_1_264' title='bbox 2004 4062 2140 4137; x_wconf 79' lang='grc' dir='ltr'>ἴσως</span> <span class='ocrx_word' id='word_1_265' title='bbox 2166 4067 2398 4142; x_wconf 72' lang='grc' dir='ltr'>ἡγεῖτο,</span> <span class='ocrx_word' id='word_1_266' title='bbox 2417 4064 2670 4141; x_wconf 74' lang='grc' dir='ltr'><em>διαβαλ-</em></span> 
     </span>
     <span class='ocr_line' id='line_1_32' title="bbox 655 4178 2667 4271; baseline -0 -23"><span class='ocrx_word' id='word_1_267' title='bbox 655 4178 869 4252; x_wconf 56' lang='grc' dir='ltr'><em>λόνέων</em></span> <span class='ocrx_word' id='word_1_268' title='bbox 913 4187 1171 4257; x_wconf 81' lang='grc' dir='ltr'><em>πολλῶν,</em></span> <span class='ocrx_word' id='word_1_269' title='bbox 1219 4180 1611 4262; x_wconf 75' lang='grc' dir='ltr'>ἐπιβουλεύειν</span> <span class='ocrx_word' id='word_1_270' title='bbox 1656 4184 1760 4261; x_wconf 78' lang='grc' dir='ltr'>ἐμὲ</span> <span class='ocrx_word' id='word_1_271' title='bbox 1805 4183 1966 4261; x_wconf 68' lang='grc' dir='ltr'>μετὰ</span> <span class='ocrx_word' id='word_1_272' title='bbox 2009 4188 2110 4251; x_wconf 78' lang='grc' dir='ltr'>σοῦ</span> <span class='ocrx_word' id='word_1_273' title='bbox 2155 4183 2414 4271; x_wconf 78' lang='grc' dir='ltr'>(Δίωνος)</span> <span class='ocrx_word' id='word_1_274' title='bbox 2477 4183 2667 4265; x_wconf 78' lang='grc' dir='ltr'><em>ἑαυτῷ</em></span> 
     </span>
    </p>
   </div>
   <div class='ocr_carea' id='block_1_3' title="bbox 2984 3692 2989 4971">
    <p class='ocr_par' dir='ltr' id='par_1_5' title="bbox 2984 3692 2989 4971">
     <span class='ocr_line' id='line_1_33' title="bbox 2984 3692 2989 4971; baseline 0 0"><span class='ocrx_word' id='word_1_275' title='bbox 2984 3692 2989 4971; x_wconf 95' lang='lat' dir='ltr'> </span> 
     </span>
    </p>
   </div>
  </div>
 </body>
</html>
