3025 5067
1647 347 1726 408 74

675 550 793 611 lum
852 556 960 613 aut
1009 553 1208 614 bonum
1255 558 1360 615 mot
1405 554 1619 615 malum
1665 552 1919 616 alieuius
1962 560 2047 616 est
2082 552 2348 616 memo-nbi
2383 552 2501 615 nisi-
2538 554 2704 635 quod

583 706 589 712 ·
673 670 757 731 ad
817 669 1070 733 animum
1123 669 1419 752 pertinet:
1480 692 1589 755 pro
1648 670 1908 754 simplici
1953 670 2069 734 hoc
2114 670 2433 735 enuntiato
2479 670 2699 754 posuit

671 786 1015 852 antitheton
1033 784 1054 850 ι’
1095 790 1158 853 οὐ
1202 795 1318 859 τοῖς
1363 788 1658 868 ἀψύχοις,
1705 791 1875 853 ἄλλα
1918 798 1993 869 τῇ
2036 795 2233 869 ψυχῇ.
2302 786 2472 868 Quid
2504 787 2697 871 signi-

670 904 811 969 ficat
869 899 986 976 ’τοῖς
1007 905 1353 993 ξ-οὶψύχοιςΡ
1406 907 1640 992 lapides
1656 956 1675 985 ,
1724 907 1965 993 plantas
2012 930 2089 971 an
2134 907 2315 974 bruta
2360 906 2700 972 animalia?

670 1022 831 1088 Tum
889 1033 962 1105 τῇ
1021 1032 1195 1108 ψυχῇ
1249 1026 1420 1090 addit
1472 1025 1590 1091 εἴτε
1634 1027 1795 1103 μετὰ
1839 1026 2109 1102 σώματος
2154 1025 2292 1107 οὔση
2336 1024 2453 1089 εἴτε
2502 1047 2701 1104 κεχω-

671 1142 901 1225 ρισμένη
965 1145 1104 1229 (ἀπὸ
1165 1146 1492 1230 σώματος)ε
1552 1146 1733 1211 etiam
1778 1146 1928 1211 haec
1974 1144 2277 1211 antitheta
2320 1144 2420 1208 hic
2470 1166 2695 1229 parum

672 1269 842 1347 apta:
913 1286 1054 1327 nam
1114 1264 1230 1329 hoc
1291 1264 1703 1329 demonstrare
1765 1256 1899 1329 vult
1916 1314 1935 1342 ‚
1970 1270 2111 1347 post
2154 1268 2387 1327 mortem
2440 1262 2698 1326 demum

671 1372 1016 1465 separatum
1060 1406 1096 1447 a
1141 1406 1390 1468 corpore
1435 1384 1710 1451 animum
1756 1384 1916 1448 bona
1960 1382 2057 1447 vel
2100 1382 2263 1447 mala
2300 1382 2450 1467 pati.
2541 1381 2699 1445 Pro-

669 1500 910 1584 gredior
955 1500 1034 1565 ad
1077 1502 1358 1567 ultimam
1403 1502 1757 1587 periodum:
1806 1498 1880 1567 ὧν
1926 1503 1991 1576 δη
2036 1501 2489 1584 φιλοχρήματος
2526 1506 2645 1563 cet.
2668 1548 2691 1577 ,

670 1639 826 1702 quae
887 1628 1012 1683 tam
1072 1620 1364 1705 impedita
1409 1627 1502 1686 est
1546 1620 1868 1686 verborum
1916 1619 2203 1705 ampullis
2248 1626 2501 1702 tamque
2544 1640 2691 1683 con·

671 1737 807 1801 fusa
821 1786 839 1815 ,
904 1744 976 1801 ut
1035 1738 1276 1803 difficile
1337 1740 1419 1803 sit
1479 1762 1723 1805 sensum
1780 1760 2007 1807 eruere.
2100 1736 2495 1801 Constructio
2541 1736 2691 1801 talis

670 1878 798 1922 esse
860 1856 1138 1922 videtur:
1189 1853 1262 1922 ὧν
1323 1859 1428 1941 (sc.
1494 1859 1647 1938 ἱερῶν
1701 1858 1914 1942 λόγων)
1974 1860 2002 1925 ὅ
2047 1858 2501 1940 φιλοχρήματος
2546 1856 2692 1932 ἀνὴρ

667 1974 840 2049 πένης
879 2000 947 2039 τε
983 1978 1086 2051 τὴν
1123 1978 1326 2055 ψυχὴν
1373 1976 1491 2043 οὔτ’
1528 1976 1756 2051 οὶκούει,
1796 1976 1989 2042 ἐὰν-τ’
2008 1974 2256 2056 ἀκούσῃ,
2290 1980 2685 2051 καταγελῶν,

666 2095 738 2166 ὥς
783 2094 962 2162 οἴεται
977 2145 994 2177 ,
1041 2094 1300 2173 καθάπερ
1344 2096 1518 2176 θηρίον
1554 2094 1801 2175 οὶρποὶζει
1838 2094 2081 2165 οὶναιδῶς
2112 2092 2487 2173 πανταχοθεν
2522 2094 2643 2156 πᾶν
2662 2141 2682 2173 ,

666 2210 702 2277 5¹
754 2237 810 2277 τι
865 2238 972 2295 περ
1017 2212 1091 2279 ἂν
1135 2212 1320 2289 οἴηται
1367 2221 1573 2295 ποριεῖν
1620 2215 1778 2295 αὐτῷ
1822 2220 2049 2295 φαγεῖν
2094 2212 2128 2288 ἢ
2174 2220 2323 2278 πιεῖν
2358 2211 2392 2287 ἢ
2439 2213 2507 2275 τὸ
2554 2210 2683 2289 περὶ

630 2332 769 2406 ’τὴν
812 2332 1207 2411 ἀνδραποδώδη
1252 2332 1348 2397 καὶ
1393 2331 1713 2413 ἀχάριστον
1760 2332 1950 2408 ἡδονὴν
1981 2330 2325 2415 (ἀφροδίσιον
2357 2329 2683 2407 λεγομένην

662 2452 766 2515 οὐκ
807 2452 991 2534 ὀρθῶς)
1042 2453 1127 2527 μὴ
1166 2452 1566 2527 πίμπλασθαι.
1599 2452 1639 2515 i.
1676 2474 1726 2519 e.
1760 2473 2022 2528 „avarus
2054 2448 2233 2515 effata
2260 2448 2367 2514 illa
2396 2448 2685 2513 deridens

666 2592 712 2632 s,
777 2576 1163 2634 contemnens
1178 2620 1197 2649 ,
1257 2582 1328 2635 ut
1373 2572 1677 2656 opinatur,
1728 2571 2001 2655 undique
2046 2568 2434 2653 impudenter
2486 2568 2645 2652 rapit
2658 2616 2682 2645 ,

666 2688 824 2754 sicut
876 2688 1082 2753 bellua
1097 2738 1115 2765 ,
1165 2688 1468 2774 quidquid
1516 2696 1697 2775 putat
1742 2689 1857 2754 sibi
1904 2688 2297 2775 suppeditare
2340 2687 2528 2771 dapes
2572 2694 2689 2751 aut

661 2806 940 2890 potiones
986 2807 1233 2889 (φαγεῖν
1281 2807 1314 2882 ἢ
1361 2808 1533 2892 πιεῖν)
1580 2814 1687 2871 aut
1732 2807 1965 2870 veneris
1998 2806 2313 2890 voluptate
2344 2804 2683 2869 insatiabili

661 2923 844 2989 frui.'’
936 2923 1308 2989 Obversatus
1371 2932 1464 2989 est
1509 2925 1792 3011 scriptori
1834 2925 2007 2990 locus
2054 2923 2399 2988 Phaedonis
2413 2972 2431 2999 ,
2481 2946 2541 3007 p.
2592 2924 2678 2985 81

665 3042 718 3105 Β
733 3090 748 3121 ,
815 3043 923 3108 ubi
983 3043 1010 3107 ὅ
1053 3042 1467 3126 φιλοσώματος
1513 3043 1905 3121 describitur,
1953 3043 2021 3109 in
2068 3064 2252 3127 quem
2297 3042 2417 3105 ista
2460 3040 2684 3105 melius

663 3183 806 3225 sane
851 3169 1201 3245 congruunt
1247 3183 1431 3245 quam
1475 3163 1541 3227 in
1587 3163 2067 3244 φιλοχρήματονς
2118 3161 2298 3238 huic,
2341 3160 2427 3224 ait
2463 3158 2639 3244 Plato
2656 3207 2679 3236 ‚

659 3271 817 3343 nihil
861 3278 1102 3345 videtur
1148 3302 1276 3343 esse
1329 3303 1539 3345 verum
1585 3288 1647 3345 et
1690 3275 1959 3346 solidum
2007 3282 2149 3344 αλλ’
2199 3280 2233 3354 ἢ
2263 3279 2333 3343 τὸ
2362 3302 2683 3355 σωματοει-

661 3396 783 3479 δὲς,
847 3393 912 3462 οὗ
967 3422 1054 3467 τις
1113 3396 1186 3461 ἂν
1248 3394 1469 3477 ἅψαιτο
1530 3398 1628 3463 καὶ
1674 3396 1775 3463 ἴδοι
1822 3399 1919 3463 καὶ
1968 3399 2109 3462 πίοι
2149 3396 2248 3461 καὶ
2294 3396 2527 3479 φοὶγοι
2574 3395 2675 3461 καὶ

660 3516 820 3595 πρὸς
881 3516 1304 3597 τάφροδίσια
1361 3518 1667 3597 χρήσαιτο.
1759 3516 2030 3601 Scriptor
2095 3539 2237 3580 vero
2296 3526 2502 3580 noster
2561 3536 2675 3579 un-

661 3632 844 3716 dique
929 3634 1342 3718 conquirendo
1417 3634 1601 3699 verba
1670 3635 1896 3718 quibus
1970 3634 2373 3719 amplificetur
2442 3633 2635 3697 oratio
2650 3682 2671 3710 ,

657 3752 956 3816 tumidam
1003 3775 1132 3817 eam
1179 3760 1241 3817 et
1286 3753 1607 3819 obscuram
1650 3751 1937 3820 reddidit.
2008 3751 2292 3820 Otiosum
2342 3752 2405 3819 h.
2438 3752 2479 3815 l.
2513 3749 2669 3815 illud

659 3870 830 3944 πένης
869 3895 935 3935 τε
971 3873 1075 3946 τὴν
1112 3872 1337 3952 ψυχήν.
1399 3871 1561 3935 Tum
1599 3871 1853 3935 offendit
1890 3872 2268 3956 geminatum
2308 3872 2517 3945 οἴεται,
2564 3870 2671 3946 οἵη-

659 4012 758 4053 ται
773 4038 792 4067 ,
831 4011 1092 4073 quorum
1123 3962 1292 4079 prius
1307 4038 1328 4067 ,
1359 3992 1434 4062 ὥς
1465 3988 1641 4054 οἴεται
1658 4038 1677 4067 ,
1704 4010 1827 4073 quo
1851 3989 2049 4054 valeat
2072 3988 2516 4053 subobscurum
2542 3997 2634 4052 est
2648 4015 2667 4067 ;

656 4106 801 4173 licet
845 4108 1140 4192 suspicari
1199 4130 1340 4171 eum
1399 4108 1516 4172 hoc
1569 4107 1868 4171 voluisse:
1916 4107 2244 4186 „deridens
2260 4158 2281 4186 ,
2328 4114 2401 4182 ut
2450 4115 2631 4192 putat
2645 4156 2667 4186 ‚
