3025 5067
1279 428 1360 486 99

313 631 401 694 cit
447 654 589 715 ergo
636 632 784 695 hoc:
841 638 1002 695 tuum
1059 633 1218 697 ilbud
1269 633 1332 694 in
1383 654 1468 695 me
1513 632 1876 713 opprobrium
1920 652 2072 695 nunc
2114 654 2185 695 ex
2234 632 2323 693 ob-

311 771 482 813 scuro
534 752 751 813 clarum
793 751 1036 837 factum
1083 756 1166 813 eet
1179 778 1206 824 ;
1252 748 1416 832 quod
1463 750 1609 813 satis
1656 750 2091 827 αἰνιγματωδῶς
2136 770 2321 812 0111111-

310 867 535 931 tiatum
570 874 678 931 est.
727 866 964 952 Opinor
1004 868 1355 952 scriptorem
1401 866 1516 930 hoc
1546 866 1732 931 velle:
1776 867 1987 951 „quod
2017 874 2323 931 contume-

310 986 464 1050 liose
509 988 572 1050 in
617 1009 750 1064 me,
797 994 870 1051 ut
914 986 1206 1072 putabas,
1254 987 1496 1050 locutus
1546 1009 1608 1049 es
1624 1035 1642 1064 ,
1690 1008 1855 1050 nunc
1902 993 2156 1071 apparet
2185 1008 2323 1049 con-

311 1105 628 1169 tumeliam
688 1105 874 1169 fuisse
935 1127 1059 1169 non
1119 1106 1184 1168 in
1245 1128 1340 1169 me
1356 1154 1376 1183 ,
1439 1105 1546 1168 sed
1606 1104 1672 1167 in
1728 1114 1788 1167 te
1833 1105 2035 1189 ipsum
2051 1104 2111 1182 ;''
2158 1103 2218 1167 h.
2268 1125 2319 1167 e.

311 1223 625 1301 „derisisti
683 1226 788 1298 τὴν
848 1226 990 1302 ἐμὴν
1049 1224 1316 1287 παιδείαν
1332 1272 1351 1306 ,
1414 1245 1579 1287 1111110
1646 1229 1753 1287 1110
1812 1222 2164 1287 ἀπαιδευσία
2210 1221 2323 1285 tibi

311 1341 579 1406 ludibrio
641 1350 734 1406 est
747 1342 810 1421 ‚''
869 1343 1154 1406 nimirum
1217 1342 1296 1406 ob
1358 1342 1517 1405 mala
1570 1343 1695 1427 jam
1759 1341 1872 1406 tibi
1922 1342 2319 1405 imminentia.

313 1458 479 1545 Ergo
523 1460 651 1541 ὄναρ
697 1470 928 1546 spectat
973 1462 1049 1525 ad
1091 1466 1165 1535 ὡς
1209 1461 1312 1545 ᾤου
1325 1512 1344 1544 ,
1379 1462 1443 1526 id
1474 1460 1641 1546 quod
1670 1460 1927 1545 putabat
1958 1460 2319 1545 Dionysiae,

312 1577 470 1658 ὕπαρ
515 1580 592 1644 ad
638 1588 938 1645 eventum.
1002 1580 1395 1644 Manifestum
1441 1580 1652 1657 credO,
1701 1580 2049 1663 scriptorem
2066 1629 2083 1655 ,
2134 1601 2321 1662 quum

310 1698 634 1763 flosculum
680 1721 712 1762 e
759 1699 1013 1763 Platone
1059 1700 1322 1762 inserere
1346 1698 1560 1775 vellet,
1596 1699 1955 1762 sententiam
1987 1696 2319 1761 reddidisse

314 1816 654 1882 obscuram.

403 1934 604 1999 Etiam
671 1958 827 2019 quae
889 1943 1263 2019 sequuntur:
1322 1932 1480 2007 εἶπες
1541 1936 1599 1999 δὲ
1654 1936 1751 1999 καὶ
1806 1934 1955 2013 μαλ’
1998 1935 2321 2005 ἀπλάστως

311 2061 503 2131 γελῶν
522 2105 538 2128 ,
611 2055 658 2118 εἰ
742 2054 1047 2131 μέμνημαι
1121 2056 1192 2125 ὥς
1255 2053 1632 2119 παιδευθέντα
1692 2078 1770 2131 με
1832 2052 2086 2123 ἐκέλευες
2146 2060 2321 2117 ποιεῖν

311 2174 516 2237 πάντα
576 2179 776 2239 ταῦτα
854 2174 888 2249 ἢ
955 2176 1040 2252 μὴ
1108 2181 1316 2250 ποιεῖν,
1385 2196 1599 2257 parum
1671 2172 1935 2237 dilucide
2004 2173 2321 2236 enuntiata

312 2296 478 2354 sunt.
570 2290 816 2355 Ficinus
860 2292 948 2354 ita
991 2292 1458 2376 interpretatur:
1506 2290 1804 2375 „Rogasti
1848 2297 2053 2354 autem
2098 2313 2193 2353 me
2209 2340 2227 2366 ,
2269 2289 2321 2352 si

312 2409 469 2473 bene
532 2409 681 2494 quid
738 2410 1019 2488 memini,
1077 2432 1172 2473 me
1234 2409 1515 2473 deridens
1531 2459 1549 2487 ,
1599 2432 1677 2473 an
1723 2410 1839 2473 ista
1886 2408 2319 2493 praecepissem

1262 2528 1300 2556 55

311 2527 432 2591 tibi
493 2528 662 2612 quasi
723 2528 934 2591 doctor
993 2549 1072 2592 an
1115 2550 1258 2592 non.
1391 2528 1511 2591 Hic
1557 2528 1748 2611 igitur
1792 2526 1975 2591 verba
2018 2528 2065 2590 εἷ
2103 2526 2319 2604 μέμνη-

306 2670 422 2722 μαι
484 2668 592 2731 pro
647 2646 990 2731 parenthesi
1049 2646 1234 2711 habet
1251 2694 1268 2725 ,
1333 2669 1369 2709 a
1412 2646 1667 2711 Platone
1714 2645 1859 2709 haec
1905 2653 2186 2709 narrante
2232 2645 2319 2707 in-

306 2764 619 2849 terposita.
690 2764 885 2848 Atqui
929 2764 1209 2849 Dionysii
1270 2786 1396 2827 esse
1442 2764 1590 2827 haec
1643 2763 1825 2827 verba
1875 2763 2191 2826 Platonem
2231 2763 2318 2825 in-

307 2884 673 2967 terrogantis
689 2932 706 2959 ,
749 2890 997 2968 apparet
1028 2906 1098 2948 ex
1137 2884 1322 2969 huius
1343 2904 1663 2968 responso:
1696 2880 1843 2965 ἔφην
1874 2883 1989 2959 ἐγὼ
2019 2880 2317 2945 κάλλιστα

307 3003 794 3081 μνημονεῦσαί
846 3028 957 3068 σεε
1012 3002 1340 3087 „respondi
1401 3010 1463 3066 te
1513 3002 1740 3087 optime
1792 3024 1918 3065 rem
1956 2999 2317 3064 recordari.’'

310 3120 668 3209 Obscuritas
729 3121 872 3185 inde
933 3128 1093 3199 orta,
1158 3120 1322 3205 quod
1391 3120 1881 3205 interrogationis
1934 3120 2186 3183 formam
2233 3119 2318 3182 di-

310 3248 538 3305 rectam
583 3246 644 3304 et
686 3239 1046 3304 indirectam
1078 3240 1341 3307 miscuit.
1411 3238 1656 3303 Directe
1688 3240 1773 3302 sic
1805 3238 2085 3301 dixisset:
2122 3234 2279 3309 εἶπες
2294 3286 2313 3318 ,

311 3352 430 3439 ἆρα
485 3357 808 3442 μέμνησαι,
867 3362 939 3430 ὡς
997 3397 1086 3407 -—
1143 3384 1224 3435 με
1267 3358 1523 3429 ἐκέλευες
1541 3408 1557 3439 ,
1607 3356 1891 3435 „dixistiz
1940 3356 2317 3421 meministine

309 3486 368 3542 te
425 3478 570 3543 mihi
608 3479 952 3561 praecipere
966 3528 984 3556 ,
1042 3484 1108 3542 ut
1151 3480 1290 3541 haec
1316 3476 1625 3563 faeerem”
1672 3484 1783 3541 cet.
1845 3475 2149 3540 Indirecte
2195 3476 2311 3537 ita:
2404 3469 2408 3473 ’

309 3594 504 3673 εἶπες,
565 3600 614 3663 εἰ
673 3598 977 3676 μέμνημαι
1038 3599 1109 3669 ὡς
1154 3634 1244 3643 --
1287 3621 1356 3660 σε
1400 3597 1654 3661 ἐκέλευον
1663 3645 1682 3677 ,
1730 3595 2187 3672 „meminerimne
2232 3616 2317 3655 me

309 3714 421 3778 tibi
467 3714 808 3798 praecipere
861 3721 929 3779 ut
963 3716 1104 3778 haee
1140 3715 1414 3799 faceres,
1478 3736 1669 3798 quum
1716 3712 1991 3775 doctrina
2044 3710 2316 3775 eruditus

310 3832 519 3897 esses?
585 3832 930 3918 Respondi,
979 3834 1204 3917 optime
1252 3842 1311 3896 te
1365 3832 1685 3897 recordari.
1764 3830 2069 3894 Nimirum
2128 3832 2318 3913 (repo-

309 3951 408 4015 nit
451 3951 835 4037 Dionysius),
872 3974 1061 4035 quum
1097 3950 1513 4035 geometriam,
1548 3950 1781 4027 aiebaS,
1816 3950 2065 4013 edoctus
2098 3969 2313 4023 essem,

309 4092 392 4133 an
441 4068 612 4134 aliter
628 4069 696 4132 ‘1²³’
763 4069 860 4133 Ita
905 4070 1107 4133 omnia
1151 4067 1310 4131 clare
1349 4066 1705 4151 procedunt.
1754 4062 2134 4130 Postremum
2170 4066 2315 4141 hoc,

307 4188 691 4253 παιδευθέντα
747 4195 1091 4269 γεωμετρεῖν
1110 4240 1127 4263 ‚
1185 4193 1416 4271 spectat
1463 4186 1539 4249 ad
1585 4187 1648 4250 id
1697 4186 1861 4271 quod
1910 4209 1943 4248 a
1988 4184 2317 4248 Plutarcho
