3025 5067
1267 433 1384 492 193

285 638 624 701 communi
665 658 831 701 more
846 686 865 715 ,
912 658 1036 701 non
1051 686 1070 714 ,
1117 646 1190 701 ut
1233 638 1298 702 in
1343 637 1622 724 Epistola
1637 689 1656 718 ,
1706 639 1955 703 definita
1984 648 2045 704 et
2076 641 2321 726 propria

291 755 637 820 verborum
696 757 1130 840 significatione
1175 757 1392 822 utitur.
1602 741 1606 747 ¹

403 873 573 939 Haec
633 874 708 939 de
760 875 1071 960 principiis
1116 875 1338 960 quibus
1383 877 1719 941 secundum
1764 876 2081 961 epistolam
2128 878 2317 942 scien·

291 993 401 1056 tia
445 993 683 1058 nititur.
753 993 959 1078 Ipsam
1003 1002 1208 1058 autem
1247 994 1719 1080 disputationem
1766 995 2043 1080 quisquis
2081 1002 2315 1060 attente

205 1171 212 1175 .
293 1111 527 1195 legerit
542 1161 559 1188 ‚
622 1112 824 1175 omnia
879 1118 1007 1176 tam
1072 1113 1320 1176 confuse
1381 1121 1627 1198 tamque
1680 1113 1934 1178 obscure
1979 1114 2143 1178 dicta
2187 1136 2313 1179 esse

295 1229 633 1308 fatebitur,
699 1239 770 1294 ut
827 1252 1034 1295 revera
1090 1232 1430 1317 aenigmata
1487 1232 1657 1316 loqui
1713 1234 1970 1317 scriptor
2022 1233 2315 1297 videatur.

299 1347 590 1434 Exempli
638 1349 830 1433 gratia
874 1349 1172 1415 nonnulla
1217 1351 1478 1415 afferam.

402 1585 734 1670 Postquam
795 1587 1064 1671 quinque
1125 1587 1230 1652 illa
1289 1587 1493 1671 qualia
1538 1588 1661 1650 sint
1708 1587 1997 1672 explicuit
2040 1587 2315 1671 dixitque

303 1727 384 1766 ea
429 1704 505 1768 ad
551 1706 754 1770 omnia
797 1714 921 1770 tam
967 1729 1250 1791 corporea
1295 1728 1478 1790 quam
1526 1707 1792 1770 animata
1836 1708 2134 1790 pertinere
2151 1756 2169 1784 ,
2215 1705 2317 1770 ad·
2352 1737 2362 1750 κ

295 1824 444 1907 jicit
486 1824 665 1888 haec:
714 1828 776 1890 οὐ
813 1827 964 1906 γάρ,
1013 1825 1085 1890 ἂν
1131 1827 1343 1891 τούτων
1387 1826 1472 1902 μή
1516 1850 1601 1898 τις
1642 1829 1737 1890 τά
1782 1826 2108 1903 τέτταρά
2151 1824 2317 1906 λάβῃ

302 1944 699 2026 ἁμωσγέπως,
733 1944 938 2009 οὔποτε
959 1945 1167 2015 τελέως
1193 1945 1517 2022 ἐπιστήμης
1556 1951 1674 2009 τοῦ
1708 1944 2041 2022 πέμπτου
2064 1944 2315 2025 μέτοχος

303 2061 496 2126 ἔσται.
589 2061 905 2141 Quaenam
967 2070 1112 2126 sunt
1169 2061 1276 2125 illa
1339 2061 1645 2146 quatuor?
1733 2059 2040 2124 Nimirum
2102 2063 2280 2139 ὄνομα
2296 2112 2312 2144 ,

302 2177 512 2258 λόγος,
561 2179 821 2262 εἴδωλον,
869 2181 1194 2258 ἐπιστήμης
1244 2181 1449 2265 inepte
1495 2203 1637 2265 ergo
1686 2181 1750 2243 in
1784 2179 2033 2264 spodosi
2072 2182 2311 2255 ἐπιστή-

303 2322 425 2372 μης
465 2297 825 2364 vocabulum
864 2298 1138 2362 additum
1179 2308 1270 2362 est
1286 2349 1303 2376 ‚
1351 2298 1516 2382 quod
1556 2300 1756 2363 omitti
1786 2298 2015 2362 debuit.
2064 2298 2315 2362 Poterat

305 2415 395 2477 sic
441 2414 665 2479 dicere:
714 2413 786 2480 ἂν
831 2418 914 2492 μή
953 2441 1038 2488 τις
1075 2423 1205 2481 τῶν
1243 2418 1445 2497 τρίων
1483 2418 1806 2494 ἐπιστήμην
1847 2417 2015 2498 λάβῃ
2038 2416 2311 2494 ἁμωσγέ-

305 2557 431 2605 πως
448 2584 462 2608 ,
506 2533 720 2599 οὔποτε
763 2535 972 2607 τελέως
1021 2537 1343 2614 ἐπιστήμης
1395 2543 1496 2600 τοῦ
1536 2535 1809 2613 πέμπτου
1840 2535 2092 2615 μέτοχος
2126 2535 2310 2600 ἔσται.

306 2649 657 2730 Quominus
711 2659 914 2717 autem
961 2653 1044 2716 sic
1091 2654 1489 2738 corrigamuS,
1538 2675 1745 2718 cavere
1769 2676 1877 2716 nos
1909 2662 2115 2717 monet
2146 2652 2308 2736 quod

310 2771 492 2834 etiam
553 2771 711 2835 infra
769 2772 850 2836 τοὶ
902 2773 1160 2850 τέτταρσι
1205 2772 1571 2857 copulantur
1616 2778 1677 2835 et
1721 2772 2013 2848 ἐπιστήμη
2059 2770 2309 2855 reliquis

308 2889 505 2954 tribus
552 2898 844 2975 tanquam
892 2892 1085 2956 simile
1132 2901 1582 2958 annumeratur.
1675 2891 1775 2956 Ita
1820 2915 1879 2976 p.
1915 2893 2040 2954 343
2074 2884 2160 2966 ΒΞ
2204 2915 2311 2969 μυ-

309 3009 416 3088 ρίος
461 3009 519 3072 δὲ
564 3009 736 3087 λόγος
782 3009 906 3087 περὶ
947 3011 1189 3075 ἑκάστου
1221 3017 1354 3074 τῶν
1383 3008 1742 3089 τεττάρων
1772 3014 1843 3082 ὥς
1875 3011 2129 3092 άσοιφές.
2161 3008 2309 3073 ibid.

311 3125 394 3189 G:
456 3127 521 3192 τὸ
579 3129 664 3206 μὴ
724 3127 1057 3208 ζητούμενον
1116 3126 1356 3193 ἕκαστον
1408 3133 1535 3193 τῶν
1580 3129 1951 3207 τεττάρων.
1989 3126 2161 3192 .ibid.
2210 3126 2309 3190 D:

274 3245 626 3322 ,δυναμένων
677 3245 736 3309 δὲ
780 3245 874 3310 τοὶ
916 3246 1237 3328 τέτταρά
1283 3246 1636 3327 διοιρῤίπτειν.

396 3363 698 3448 Deinceps
745 3365 832 3427 sic
877 3365 1075 3449 pergit
1117 3387 1178 3448 p.
1228 3366 1355 3427 342
1403 3363 1491 3428 E:
1541 3363 1675 3445 πρὸς
1726 3363 1845 3443 γάρ
1887 3365 2105 3434 τούτοις
2134 3366 2308 3428 ταῦτ’

306 3484 420 3563 οὐχ
478 3482 643 3559 ἦττον
697 3485 985 3564 ἐπιχειρεῖ
1039 3483 1104 3548 τὸ
1157 3483 1313 3547 ποῖόν
1356 3508 1412 3548 τι
1462 3483 1587 3564 περὶ
1633 3479 1874 3547 ἕκαστον
1918 3481 2118 3556 δηλοῦν
2164 3482 2197 3556 ἢ
2243 3479 2308 3546 τὸ

308 3599 364 3664 ὃν
424 3600 668 3666 ἑκάστου
727 3601 821 3666 διὰ
879 3603 944 3666 τὸ
1004 3607 1114 3666 τῶν
1163 3600 1354 3680 λόγων
1397 3602 1648 3672 άσθενές.
1719 3599 1877 3664 Sunt
1920 3599 2068 3664 haec
2112 3601 2311 3685 aenig-

305 3719 453 3782 mati
512 3719 750 3783 similia.
843 3717 985 3798 Quo
1045 3719 1304 3783 refertur
1362 3720 1496 3799 πρὸς
1553 3718 1810 3799 τούτοιςΡ
1903 3717 2045 3797 Quo
2106 3725 2308 3782 autem

305 3837 546 3903 ταῦταοὶ)
652 3825 796 3918 Qua
851 3839 1086 3902 ratione
1145 3837 1292 3901 haec
1353 3860 1493 3901 cum
1553 3836 1947 3922 praecedente
2009 3837 2308 3901 sententia

306 3977 415 4041 per
473 3955 832 4040 particulam
892 3956 1010 4037 γὰρ
1064 3955 1552 4020 connectuntur?
1625 3956 1933 4020 Ponamus
1979 3963 2176 4021 ταῦτά
2216 3978 2307 4019 re-

303 4074 445 4139 ferri
509 4075 585 4139 ad
651 4077 732 4140 τά
777 4075 1034 4155 τέτταρά
1049 4124 1068 4158 ,
1117 4097 1350 4148 sensus·
1375 4074 1476 4138 hic
1522 4074 1743 4139 exibit:
1792 4069 2119 4153 „Quatuor
2162 4074 2304 4152 illa,

305 4217 557 4274 nomen,
621 4196 892 4260 definitio
908 4244 927 4273 ,
989 4195 1222 4280 imago,
1279 4195 1564 4272 scientia,
1627 4217 1749 4258 non
1796 4195 1998 4257 minus
2044 4192 2304 4264 tendunt

1988 4313 2064 4370 13
