3025 5067
1262 415 1338 475 57

290 628 466 683 atum
483 670 500 697 ,
560 620 734 703 quasi
779 619 1062 705 promissi
1106 581 1364 699 oblitus,
1414 619 1545 684 vela
1593 619 1897 683 contrahit
1934 628 1995 683 et
2018 619 2307 683 orationis

291 738 426 802 eius
487 739 882 803 summarium
945 746 1184 803 tantum
1245 738 1444 816 affert,
1509 738 1651 802 inde
1693 761 1728 801 a
1776 738 1999 802 verbis:
2048 737 2305 802 καταλέ-

289 882 414 933 γων
467 858 527 921 δὲ
577 859 682 933 τήν
725 882 794 922 τε
839 858 1027 939 ἀρχὴν
1070 866 1176 932 τῆς
1225 859 1484 928 Ἰταλίας
1532 859 1653 923 κτὲ.
1748 856 1950 921 Simili
1994 856 2173 921 modo
2219 857 2307 920 in-

289 977 387 1072 fra
445 1001 506 1063 p.
571 979 696 1041 339
759 976 814 1041 B
874 977 1098 1040 citatur
1156 976 1434 1062 Dionysii
1494 976 1573 1040 ad
1639 975 1959 1040 Platonem
2011 976 2303 1061 epistola:

292 1095 432 1175 πρὸς
463 1094 580 1174 γὰρ
618 1094 685 1169 δὴ
723 1093 926 1159 πάντα
969 1098 1170 1159 ταῦτα
1197 1091 1260 1170 ἦν
1285 1089 1799 1173 παρεσκευασμένῇ
1824 1096 1955 1179 (-ην)
1986 1096 2091 1169 τὴν
2119 1094 2308 1175 ἀρχὴν

289 1210 520 1292 ἔχουσα
549 1214 591 1287 ’ἧ
622 1214 897 1287 ἐπιστολὴ
933 1214 1070 1293 τῇδέ
1107 1238 1189 1293 πῃ
1227 1213 1533 1297 φράζουσα
1550 1234 1565 1251 ·
1598 1214 1932 1293 »Διονύσιος
1960 1211 2228 1278 Πλάτωνι
2247 1212 2307 1249 ·”

292 1328 378 1393 τα
399 1335 619 1407 νόμιμα
641 1331 737 1395 ἐπὶ
766 1329 984 1402 τούτοις
1017 1331 1204 1413 εἰπὼν,
1231 1331 1383 1397 οὐδὲν
1405 1333 1472 1397 τὸ
1505 1331 1666 1409 μετὰ
1696 1336 1865 1396 τοῦτο
1896 1326 2025 1395 εἶπε
2048 1330 2309 1412 πρότερον

295 1448 330 1523 ἢ
377 1450 452 1519 ὡς
499 1447 570 1513 ἂν
615 1450 694 1521 εἷς
742 1449 1016 1513 Σικελίαν
1059 1450 1308 1521 πεισθεὶς
1360 1451 1466 1530 ὑφ’
1516 1454 1677 1527 ἡμῶν
1723 1450 1882 1531 ἔλθῃς
1927 1450 2008 1514 τὰ
2046 1454 2141 1513 νῦν
2184 1451 2306 1514 κτὲ.

293 1566 526 1652 Incipit
579 1568 756 1651 quasi
798 1574 992 1632 totam
1038 1568 1358 1653 epistolam
1403 1568 1551 1653 ipsis
1597 1567 1796 1651 verbis
1854 1568 2303 1653 descripturus;

295 1685 405 1749 sed
462 1695 604 1769 post
662 1685 1115 1771 inscriptionem
1169 1686 1454 1759 Διονύσιος
1513 1686 1786 1752 Πλάτωνι
1846 1694 1907 1750 et
1958 1687 2039 1751 τοὶ
2086 1686 2307 1764 νόμιμα

294 1804 392 1867 ἐπὶ
437 1804 656 1876 τούτοις
702 1804 902 1883 εἰπών,
945 1826 1066 1889 quo
1111 1804 1268 1869 nihil
1313 1806 1691 1891 significatur
1735 1806 1853 1869 nisi
1884 1804 2138 1869 verbum
2166 1806 2308 1885 χαί-

295 1947 404 1997 ρειν
419 1972 435 2004 ,
472 1924 679 1987 statim
712 1923 778 1987 in
809 1923 1170 1988 indirectam
1203 1924 1539 1989 orationem
1575 1924 1882 1989 delabitur
1916 1931 1977 1988 et
2008 1944 2307 1989 summam

293 2048 538 2106 tantum
607 2042 898 2127 epistolae
965 2018 1106 2106 cum
1171 2042 1396 2107 lectore
1464 2044 1892 2108 communicat.
1993 2042 2311 2123 Praeterea

296 2160 452 2224 aliae
497 2167 643 2225 sunt
686 2159 1009 2225 verborum
1055 2159 1336 2246 ambages
1350 2188 1370 2225 ;
1418 2162 1484 2226 ἐκ
1529 2160 1747 2226 παντὸς
1792 2159 1997 2242 τρόπου
2029 2160 2308 2223 additum

295 2278 494 2343 verbis
561 2277 645 2343 ὅτι
713 2278 986 2359 ταχιστα
1053 2278 1262 2364 inepta
1329 2287 1420 2343 est
1481 2279 1889 2344 abundantia:
1951 2301 2093 2343 nam
2150 2298 2309 2343 unus

207 2402 212 2407 “
293 2405 540 2461 tantum
585 2384 714 2461 erat
755 2396 961 2475 τρόπος
1009 2419 1082 2461 ex
1129 2398 1338 2461 Attica
1380 2398 1444 2462 in
1492 2396 1762 2463 Siciliam
1794 2397 2109 2474 veniendi,
2158 2398 2220 2461 h.
2256 2420 2308 2461 e.

292 2514 455 2580 navi.
524 2512 759 2579 Eodem
802 2514 1156 2600 pleonasmo
1200 2538 1350 2580 usus
1397 2523 1491 2581 est
1538 2517 1721 2602 paulo
1767 2522 1937 2599 ante,
1971 2539 2030 2602 p.
2065 2517 2190 2581 327
2227 2514 2305 2579 G:

295 2634 442 2715 ᾠήθη
503 2633 615 2698 δεῖν
675 2635 738 2698 ἐκ
790 2632 1008 2706 παντὸς
1069 2633 1275 2714 τρόπου
1330 2635 1408 2707 εἶς
1473 2644 1590 2715 Συρ
1609 2686 1624 2701 .
1679 2632 1765 2701 ὅτι
1812 2634 2083 2715 τάχιστα
2129 2634 2309 2698 ἐλθεῖν

294 2750 421 2827 ἐμέ.
483 2752 710 2836 Arguit
730 2752 846 2817 hoc
876 2752 1167 2837 putidum
1197 2753 1566 2818 imitatorem
1596 2753 1871 2819 Platonis
1885 2804 1903 2831 ,
1939 2754 2044 2837 qui
2069 2752 2309 2837 saepius

293 2870 412 2934 hac
457 2870 719 2935 formula
761 2872 994 2949 utitur,
1043 2872 1150 2935 sed
1193 2879 1390 2951 recte,
1437 2872 1629 2946 veluti
1658 2872 1929 2958 Euthyd.
1965 2894 2025 2957 p.
2061 2873 2187 2934 382
2222 2871 2306 2933 A:

295 2990 387 3055 δεῖ
423 2990 490 3064 δὴ
542 2992 606 3055 ἐκ
655 2990 874 3062 παντὸς
921 2989 1126 3071 τρόπου
1171 2989 1392 3056 ἅπαντ’
1438 2989 1619 3074 ἄνδρα
1661 2997 1831 3057 τοῦτο
1876 2988 2311 3071 παρασκευάζε-

295 3109 428 3173 σθαι
445 3160 462 3185 ,
507 3105 658 3181 ὅπως
715 3111 787 3181 ὥς
847 3109 1186 3189 σοφώτατος
1251 3110 1451 3175 ἔσταιε
1509 3112 1663 3175 omni
1710 3112 1873 3175 modo
1887 3160 1907 3189 ,
1956 3118 2103 3175 sunt
2148 3109 2309 3174 enim

293 3226 448 3289 varii
489 3226 656 3290 modi
701 3227 1031 3312 sapientiae
1077 3229 1502 3313 assequendae.
1552 3228 1647 3293 De
1690 3228 1840 3313 Rep.
1892 3226 2021 3305 VI,
2054 3230 2181 3291 499
2218 3228 2307 3291 A:

296 3344 485 3426 ζητεῖν
543 3346 650 3422 μὲν
708 3347 813 3421 τὴν
871 3348 1146 3421 ἄληθείαν
1199 3346 1635 3425 ξυντεταμένως
1698 3350 1763 3413 ἐκ
1807 3348 2025 3419 παντὸς
2071 3346 2305 3427 τρόπουε

299 3463 568 3528 diversae
629 3464 854 3550 quippe
916 3472 1062 3529 sunt
1122 3465 1503 3551 indagandae
1548 3466 1816 3530 veritatis
1862 3466 2013 3529 viae.
2105 3464 2309 3528 Etiam

299 3582 448 3645 alias
510 3581 863 3648 huiusmodi
920 3583 1260 3649 locutiones
1322 3608 1357 3647 a
1424 3584 1681 3648 Platone
1736 3584 2044 3648 desumtas
2104 3589 2311 3647 noster

298 3700 499 3786 inepte
559 3701 805 3779 inserit,
864 3709 935 3766 ut
977 3704 1140 3767 κατα
1183 3702 1386 3781 τρόπον
1403 3753 1419 3785 ,
1471 3726 1532 3787 p.
1581 3704 1709 3768 330
1757 3704 1850 3766 D:
1898 3702 2060 3767 κατὰ
2106 3701 2310 3784 τρόπον

297 3818 421 3900 ὀρθῇ
466 3820 839 3901 πορευομένης
883 3820 985 3901 ὁδῷ
1031 3828 1136 3895 τῆς
1181 3820 1517 3892 πολιτείαςε
1564 3822 1726 3886 κατὰ
1771 3820 1973 3900 τρόπον
2011 3820 2311 3905 significat

299 3944 664 4001 consentaneo
708 3940 904 4016 modo,
949 3938 1064 4002 rite
1075 3966 1104 4015 ,·
1164 3938 1291 4024 jam
1336 3938 1501 4022 quod
1547 3940 1671 4020 ὀρθῇ
1719 3938 1821 4020 5δῷ
1858 3938 2155 4019 πορεύεται
2192 3938 2309 4001 hoc

299 4076 443 4117 sane
486 4055 648 4120 κατα
690 4058 894 4134 τρόπον
938 4055 1258 4134 πορεύεται.
1349 4054 1593 4120 Ibidem
1638 4056 1834 4141 paulo·
1866 4063 2005 4141 post
2050 4072 2160 4141 pro
2192 4055 2307 4120 hoc

300 4171 474 4255 ponit
518 4171 574 4235 ἔν
625 4196 731 4236 τινι
783 4172 1004 4252 τρόπῳ,
1051 4195 1110 4257 p.
1161 4174 1286 4236 331
1335 4170 1424 4235 B:
1474 4171 1547 4236 ἂν
1592 4174 1699 4250 μέν
1744 4196 1840 4251 μοι
1884 4174 1950 4238 τὸ
1996 4174 2124 4237 καθ’
2170 4172 2307 4251 ἦμέ-
