3025 5067
1626 330 1704 389 16

742 534 896 600 Cum
959 535 1066 600 illa
1111 534 1366 621 epistola
1410 542 1641 599 ceterae
1688 536 1741 597 si
1786 536 2185 599 conferuntur
2200 584 2217 611 ‚
2287 557 2489 599 earum
2539 534 2674 619 ple-

648 677 905 740 raeque,
939 655 1054 719 etsi
1085 661 1442 739 argumento
1473 661 1537 718 et
1568 654 1767 718 colore
1797 654 1937 739 plus
1969 634 2248 718 minusve
2278 653 2625 739 discrepant
2644 703 2669 731 ,

649 796 790 838 cum
849 774 956 837 illa
1014 781 1218 838 tamen
1285 780 1521 838 tantam
1587 772 1817 837 habent
1878 773 2366 836 convenientiam
2418 778 2481 835 et
2523 792 2677 835 con-

642 887 1022 978 junctionem
1039 943 1058 971 ,
1121 899 1194 957 ut
1239 916 1312 957 ex
1357 915 1427 957 ea
1473 892 1647 977 quasi
1693 890 2018 977 pendeant.
2113 890 2191 955 In
2237 890 2519 955 omnibus
2565 889 2675 952 his

650 1017 990 1075 tractantur
1048 1034 1142 1077 res
1205 1034 1360 1096 quae
1421 1012 1485 1075 in
1545 1010 1655 1075 illa
1714 1016 1823 1074 aut
1882 1010 2079 1075 levius
2142 1017 2250 1073 aut
2319 1008 2673 1073 accuratius

649 1137 994 1215 tanguntur
1007 1156 1026 1208 3
1091 1130 1158 1194 in
1222 1129 1504 1195 omnibus
1564 1130 1689 1193 fere
1734 1129 1897 1193 idem
1943 1151 2156 1194 sensus
2170 1178 2189 1207 ‚
2254 1128 2463 1192 eadem
2506 1127 2674 1191 ratio

651 1271 720 1313 ac
765 1248 1082 1326 voluntas3
1131 1250 1320 1315 dictio
1367 1272 1613 1335 quoque
1642 1249 1855 1314 multis
1888 1248 2163 1334 partibus
2195 1247 2429 1313 similis.
2478 1246 2669 1311 Unde

654 1390 794 1431 non·
822 1368 1048 1454 injuria
1093 1368 1245 1433 effici
1284 1392 1459 1454 posse
1489 1368 1643 1432 mihi
1672 1367 1943 1447 videtur,
1977 1368 2317 1454 Epistulam
2351 1366 2477 1431 VH
2508 1374 2678 1429 cete-

653 1488 736 1553 ris
783 1487 1058 1572 exemplo
1105 1488 1292 1551 fuisse
1307 1514 1325 1565 3
1373 1487 1517 1552 hinc
1564 1495 1637 1551 ut
1680 1511 1713 1551 e
1758 1488 1927 1551 fonte
1970 1488 2200 1551 rivulos
2238 1485 2503 1570 reliquas
2527 1508 2674 1549 ena-

655 1612 748 1669 tas
795 1628 958 1686 esse,
1009 1627 1230 1690 easque
1275 1628 1398 1670 non
1445 1606 1520 1670 ab
1567 1628 1692 1670 uno
1746 1606 1993 1690 quidem
2046 1605 2251 1683 fabro,
2300 1612 2362 1668 at
2412 1627 2484 1668 ex
2536 1626 2673 1667 una

653 1732 860 1789 tamen
905 1724 1144 1789 officina
1189 1746 1316 1789 esse
1361 1725 1661 1809 profectas
1752 1724 1870 1789 Res
1917 1724 2189 1811 postulat
2234 1730 2306 1787 ut
2351 1722 2415 1787 id
2453 1724 2673 1808 paucis

655 1842 1044 1927 explicemus
2371 1836 2375 1839 ’

743 1960 1055 2045 Epistolac
1101 1960 1228 2024 VII
1274 1969 1634 2045 argumento
1680 1961 1986 2046 proximae
2032 1968 2178 2025 sunt
2221 1960 2328 2025 III
2374 1969 2435 2024 et
2479 1958 2669 2023 VIII.

651 2080 887 2143 Harum
935 2080 1065 2143 ΠΡ
1123 2080 1382 2144 maxime
1429 2081 1715 2145 convenit
1760 2103 1898 2144 cum
1947 2102 2017 2144 ea
2062 2087 2232 2165 parte
2277 2077 2462 2143 VIIae
2506 2101 2673 2162 quae

649 2199 716 2263 in
791 2197 1112 2262 itineribus
1174 2198 1523 2263 enarrandis
1584 2205 1891 2262 versatur:
1942 2198 2051 2283 ¹uti
2108 2197 2257 2261 haec
2319 2196 2667 2281 apologiam

655 2316 928 2380 continet
989 2315 1064 2379 ad
1117 2316 1335 2380 Dionis
1380 2315 1792 2401 propinqum,
1842 2316 1928 2379 sic
1972 2315 2081 2379 illa
2126 2322 2218 2380 est
2263 2314 2541 2400 apologia
2586 2314 2673 2377 ad

653 2434 1052 2519 Dionysium,
1117 2456 1240 2519 qua
1298 2434 1474 2498 Plato
1524 2434 1598 2499 ab
1644 2434 1812 2499 illius
1860 2434 2384 2499 criminationibus
2424 2458 2487 2497 se
2525 2457 2673 2519 pur-

653 2560 791 2637 gat,
867 2552 1102 2616 itineris
1171 2553 1494 2638 utriusque
1571 2552 1895 2637 Syracusas
1972 2553 2241 2638 suscepti
2294 2554 2558 2617 rationes
2605 2560 2675 2616 et

653 2676 906 2734 eventus
952 2670 1328 2756 exponendO.
1420 2670 1618 2735 Tanta
1663 2678 1755 2735 est
1799 2678 2004 2734 autem
2049 2672 2390 2755 argumenti
2436 2680 2499 2735 et
2541 2694 2677 2735 ora-

653 2790 838 2854 tionis
907 2790 1246 2854 similitudo
1261 2840 1280 2871 ,
1343 2798 1416 2854 ut
1476 2792 1737 2874 quisque
1798 2790 2005 2854 statim
2067 2797 2354 2875 agnoscat
2414 2790 2665 2853 alteram

653 2932 726 2973 ex
773 2908 962 2973 altera
1005 2932 1226 2993 magna
1270 2931 1380 2993 pro
1425 2916 1597 2994 parte
1644 2909 1991 2993 decerptam
2036 2914 2099 2972 et
2136 2931 2477 2993 expressam
2516 2931 2667 2972 esse.

655 3026 1098 3111 Comparentur
1143 3027 1324 3091 modo
1370 3028 1530 3091 inter
1576 3050 1640 3091 se
1685 3027 1751 3090 hi
1796 3027 1951 3091 loci:

745 3145 860 3230 Ep.
901 3144 1025 3209 III.
1074 3168 1134 3231 p.
1163 3147 1289 3209 316
1317 3144 1517 3210 0-317
1546 3144 1599 3208 E
1623 3168 1764 3209 cum
1786 3144 1901 3229 Ep.
1930 3144 2076 3209 VII.
2110 3168 2169 3230 p.
2196 3146 2323 3209 338
2408 3148 2558 3209 -340

1079 3288 1138 3349 p.
1167 3266 1291 3330 317
1319 3263 1527 3327 E-318
1552 3264 1605 3327 E
1672 3314 1713 3343 ‚,
1985 3312 2026 3344 ‚‚
2120 3288 2181 3349 P·
2208 3266 2334 3327 345
2364 3262 2563 3328 0-347
2591 3263 2667 3327 E.

1075 3407 1135 3470 p.
1163 3386 1290 3446 319
1343 3405 1474 3468 sqq.
1669 3433 1710 3464 „
1979 3432 2020 3463 ‚,
2113 3407 2172 3469 p.
2200 3385 2327 3446 348
2354 3381 2556 3446 C-350

746 3502 1024 3588 Epistola
1082 3510 1286 3567 autem
1346 3502 1546 3581 VIII,
1603 3525 1787 3587 quam
1833 3526 2147 3588 perperam
2193 3502 2478 3567 nonnulli
2523 3525 2665 3569 cum

655 3618 786 3684 VII
845 3621 1332 3706 conjungendam
1396 3627 1727 3705 putarunt,
1773 3622 1919 3685 huic
1966 3622 2163 3685 affinis
2208 3628 2301 3685 est
2346 3644 2417 3685 eo
2433 3670 2452 3699 ,
2501 3619 2667 3705 quod

655 3739 910 3803 consilia
972 3741 1037 3803 in
1098 3740 1295 3825 priore
1359 3740 1615 3825 epistola
1674 3740 1891 3804 Dionis
1954 3740 2161 3805 amicis
2223 3740 2367 3803 data
2426 3764 2487 3825 p.
2538 3743 2666 3804 336

656 3856 927 3922 B—337
963 3857 1016 3920 E
1034 3907 1052 3935 ,
1100 3858 1164 3922 in
1210 3858 1326 3922 hac
1369 3858 1557 3923 latius
1603 3864 1666 3923 et
1702 3860 1984 3923 'ornatius
2031 3867 2439 3945 exponuntur.

747 3974 967 4058 Itaque
1029 3982 1151 4039 tres
1212 3977 1325 4040 hae
1373 3976 1664 4067 epistolae
1728 3983 1800 4041 ut
1844 3985 2202 4061 argumento
2248 3978 2338 4040 ita
2384 3960 2669 4041 dictionis

594 4108 604 4120 “
657 4091 856 4157 colore
901 4093 1052 4157 adeo
1100 4094 1326 4158 similes
1365 4100 1512 4159 sunt
1526 4144 1545 4173 ‚
1610 4102 1681 4159 ut
1728 4095 1801 4159 ab
1834 4118 1959 4160 uno
1990 4102 2235 4159 auctore
2267 4096 2504 4180 possint
2532 4118 2663 4159 esse
