3025 5067
1309 448 1424 507 251

1312 654 1427 718 IX.

452 892 799 977 Rejicienda
846 902 937 956 cst
982 892 1343 977 Schwegleri
1374 894 1754 978 conjectura,
1780 890 2006 954 Romae
2039 902 2176 974 post
2205 910 2375 971 reges

366 1022 605 1075 exactos
661 1034 785 1075 non
832 1012 1052 1098 statim·
1088 1012 1209 1075 duo
1264 1011 1544 1075 consules
1606 1020 1874 1088 creatoS,
1925 998 2032 1073 sed
2076 1014 2216 1073 ante
2262 1008 2374 1070 hos

364 1130 685 1214 imperium
772 1130 1055 1193 dictatori
1138 1131 1528 1194 commissum
1591 1152 1720 1194 esse
1788 1127 2084 1213 opinanti.
2199 1124 2373 1189 Rom.

366 1248 587 1312 Gesch.
622 1247 725 1327 II,
776 1272 837 1334 p.
907 1251 1008 1314 79.

1330 1510 1409 1576 Χ.

1979 1591 2014 1626 Ι

457 1779 657 1843 Nimis
714 1780 973 1865 benigne
1028 1780 1102 1843 de
1155 1779 1443 1843 Romanis
1484 1779 1722 1865 judicat
1769 1780 2145 1857 Mommsen,
2188 1799 2378 1861 quum

368 1898 685 1963 contendit
740 1921 841 1962 cos
903 1899 1134 1963 sincera
1179 1898 1493 1962 voluntate
1541 1910 1601 1963 et
1647 1898 1851 1962 studio
1897 1905 2160 1961 veterem
2205 1896 2381 1959 liber-

370 2018 514 2081 tatis
564 2027 793 2081 statum
841 2017 1087 2081 Graecis
1134 2016 1488 2081 reddidisse.
1562 2018 1736 2082 Rom.
1761 2017 1995 2082 'Gesch.
2031 2017 2098 2095 I,
2132 2038 2192 2100 p.
2233 2017 2380 2080 706.

1312 2282 1427 2348 ΧΙ.

456 2548 680 2634 Legem
716 2550 1051 2614 Voconiam
1083 2574 1227 2629 non,
1254 2558 1326 2615 nt
1356 2552 1678 2637 Zumptius
1711 2558 1909 2636 putat,
1947 2574 1998 2614 a.
2035 2574 2088 2613 a.
2123 2549 2193 2614 C.
2226 2552 2379 2627 174,

372 2668 478 2731 sed
553 2670 677 2731 169
727 2669 913 2733 latam
946 2693 1074 2733 esse
1121 2693 1355 2735 censeo,
1429 2671 1669 2757 Zumpt.
1727 2670 1803 2734 ad
1849 2670 2023 2733 Verr.
2067 2669 2138 2747 I,
2182 2693 2232 2733 c.
2275 2672 2378 2733 41.

1298 2936 1447 3000 XII.

454 3198 636 3284 Legis
700 3201 979 3267 Valeriae
1024 3202 1316 3267 Horatiae
1360 3227 1482 3282 „ne
1530 3204 1667 3287 quis
1713 3203 1914 3269 ullum
1959 3204 2378 3288 magistratum

368 3318 497 3382 sine
544 3321 968 3403 provocatione
1014 3321 1282 3385 crearet'’
1314 3320 1469 3406 (Liv.
1519 3321 1624 3413 HI
1641 3372 1658 3401 ,
1704 3324 1810 3406 55)
1855 3322 1920 3385 in
1967 3345 2151 3386 causa
2196 3322 2381 3385 dicta·
2447 3308 2452 3315 ⁸

368 3438 515 3501 toris
559 3439 853 3503 rationem
900 3439 1172 3508 habitam
1218 3462 1347 3505 esse
1392 3463 1569 3525 neg0.

1286 3706 1471 3771 ΧΠΙ.

458 3970 847 4054 Quamquam
894 3971 1113 4037 Satura
1157 3972 1430 4037 Romana
1475 3972 1710 4036 diversa
1757 3978 1850 4035 est
1903 3994 1938 4035 a
1978 3970 2186 4035 fabula
2217 3970 2385 4055 Saty-

368 4089 495 4153 rica
525 4088 896 4153 Graecorum
912 4140 931 4167 ,
968 4092 1089 4155 fuit
1118 4101 1318 4155 tamen
1346 4092 1506 4156 inter
1539 4091 1717 4154 ambo
1749 4096 1873 4153 tam
1903 4089 2166 4153 nominis
2199 4112 2380 4172 quam

370 4205 594 4271 indolis
641 4195 1042 4273 necessitudo,
