3025 5067
1582 400 1621 459 9.

678 604 988 689 Epistolae
1047 606 1161 668 hae
1221 612 1294 669 ut
1356 606 1619 690 primum
1673 607 1740 671 in
1784 606 1968 671 Italia
2014 607 2295 692 vulgatae
2342 616 2490 673 sunt
2536 616 2598 673 et

590 722 654 785 in
717 724 1095 787 eruditorum
1155 725 1440 795 notitiam
1500 726 1801 810 perlatae,
1864 727 2127 791 maxima
2176 726 2459 813 somnium
2494 729 2606 791 'ad-

589 843 907 906 miratione
953 850 1098 907 sunt
1144 851 1446 929 exceptae.
1540 844 1788 909 Ficinus
1804 895 1822 923 ,
1872 845 2243 910 Laurentius
2290 848 2605 911 Mediceus

588 983 920 1045 eorumque
980 962 1304 1027 familiares
1361 969 1488 1026 tam
1547 964 1867 1028 verborum
1924 972 1985 1027 et
2045 966 2337 1029 orationis
2384 974 2602 1029 ornatu

587 1103 664 1163 qu
674 1102 770 1142 am
823 1080 1145 1165 praeclaris
1191 1082 1508 1145 sententiis
1556 1088 1739 1165 atque
1793 1082 1986 1145 effatis
2034 1104 2286 1146 arcanae
2332 1083 2596 1166 quadam

585 1199 914 1283 sapientiae
969 1200 1167 1283 specie
1213 1199 1508 1264 involutis
1526 1250 1546 1277 ,
1595 1200 1820 1284 quibus
1868 1201 1980 1265 hae
2028 1200 2319 1286 epistolae
2364 1202 2597 1279 nitent,

582 1316 668 1379 ita
725 1317 888 1401 capti
933 1323 1110 1394 sunt,
1161 1324 1234 1380 ut
1277 1317 1713 1402 pulcerrimum
1760 1340 1860 1381 eas
1907 1318 2199 1383 haberent
2246 1318 2595 1383 excellentis

583 1435 813 1519 ingenii
879 1442 941 1499 et
994 1436 1328 1521 sapientiae
1389 1459 1579 1522 prope
1641 1436 1881 1500 divinae
1927 1459 2114 1522 opuS,
2164 1437 2328 1501 unde
2384 1438 2461 1501 ad
2517 1439 2601 1501 vi-

581 1561 704 1617 tam
761 1554 1070 1638 publicam
1133 1562 1194 1618 et
1251 1553 1643 1619 domesticam
1658 1605 1676 1633 ,
1745 1556 1822 1619 ad
1868 1556 2182 1620 scientiam
2228 1579 2426 1621 rerum
2474 1565 2600 1620 tam

581 1672 924 1735 divinarum
1001 1695 1184 1756 quam
1254 1673 1660 1737 humanarum
1729 1673 2107 1753 saluberrimi
2178 1674 2415 1737 fructus
2462 1677 2598 1759 capi

579 1798 845 1875 possent.
879 1792 925 1875 ¹)

669 1911 952 1973 Attamen
1005 1910 1133 1995 jam
1178 1909 1337 1973 inter
1384 1916 1611 1973 veteres
1657 1911 2081 1993 grammaticos
2124 1910 2312 1973 fuisse
2359 1910 2467 1993 qui
2516 1932 2590 1973 ex

577 2029 971 2114 epistolarum
1016 2028 1262 2092 illarum
1306 2051 1562 2093 numero
1609 2051 1792 2092 unam
1827 2029 2196 2114 alteramque
2228 2029 2591 2107 eximerent,

577 2154 826 2232 apparet
885 2170 957 2211 ex
1012 2148 1460 2232 antiquioribus
1507 2148 1855 2225 codicibuS,
1911 2150 2021 2233 qui
2065 2148 2379 2233 Epistolae
2424 2148 2592 2212 XIII

577 2265 932 2330 adscribunt
990 2264 1306 2344 νοθεύεται,
1371 2289 1627 2350 eamque
1688 2266 1893 2331 omisit
1939 2267 2001 2330 in
2048 2268 2323 2330 versione
2369 2266 2593 2331 Latina

575 2384 842 2449 FicinuS.
876 2385 1018 2448 Duo
1049 2393 1250 2449 autem
1274 2384 1543 2463 codiceS,
1574 2384 2066 2450 Vindobonensis
2099 2393 2159 2449 et
2184 2386 2591 2464 MatritensiS‚

576 2505 755 2568 etiam
797 2503 1110 2588 Epistolae
1142 2503 1272 2568 ΧΠ
1305 2504 1721 2590 subscriptum
1752 2504 1982 2569 habent
2017 2504 2395 2582 ἀντιλέγεται
2426 2508 2498 2578 ὥς
2530 2508 2591 2571 οὔ

503 2646 508 2651 ·
573 2621 904 2693 Πλάτωνος.
930 2623 977 2706 2)
1024 2621 1227 2702 Quam
1273 2630 1482 2687 notam
1528 2644 1653 2686 non
1696 2622 1872 2686 video
1904 2645 2013 2686 cur
2042 2622 2188 2686 item
2220 2621 2299 2686 ad
2330 2623 2590 2707 priorem

574 2740 776 2819 illam,
809 2740 976 2814 XIII
1007 2741 1173 2819 dico,
1207 2742 1686 2807 transferendam
1716 2749 2037 2827 putemuS,
2063 2749 2137 2805 ut
2159 2742 2336 2805 Astio
2360 2742 2594 2827 placuit

572 2860 822 2944 (Plato’s
867 2860 1016 2925 Leb.
1062 2883 1126 2924 u.
1174 2860 1345 2925 Schr.
1394 2885 1453 2946 p.
1506 2864 1630 2927 527
1679 2863 1868 2945 not.):
1917 2860 2065 2924 baec
2112 2861 2272 2924 enim
2329 2861 2589 2945 epistola

571 2978 658 3043 ita
719 2985 1066 3064 comparata
1110 2986 1203 3043 est
1215 3029 1235 3058 ,
1283 2986 1356 3043 ut
1399 3002 1579 3043 nemo
1628 2980 1737 3063 qui
1782 2978 1951 3043 illam
1996 2986 2245 3064 respuat
2299 2980 2443 3044 huic
2490 3003 2591 3065 pa-

569 3098 858 3161 trocinari
903 3105 1106 3182 queat.
1186 3096 1474 3162 Ceterum
1522 3098 1597 3163 ab
1635 3099 1756 3161 isto
1798 3098 1939 3162 inde
1970 3105 2241 3182 tempore
2283 3120 2479 3182 usque
2513 3098 2591 3163 ad

572 3216 838 3280 medium
865 3217 1177 3304 saeculum
1208 3216 1457 3295 XVIII,
1483 3216 1801 3303 Epistolae
1823 3238 1946 3280 uno
1971 3217 2245 3281 omnium
2270 3218 2588 3282 doctorum

570 3356 869 3399 consensu
901 3358 1010 3421 pro
1041 3336 1342 3420 germanis
1375 3336 1651 3400 Platonis
1684 3336 1971 3421 operibus
2004 3343 2149 3400 sunt
2180 3336 2456 3415 habitae,
2493 3360 2588 3401 ex-

570 3460 746 3537 cepta
790 3452 991 3531 XIII,
1034 3475 1218 3537 quam
1264 3454 1769 3518 Aldobrandinus
1817 3453 1917 3537 (ad
1963 3453 2143 3537 Diog.
2193 3453 2397 3518 Laert.
2447 3454 2584 3532 III,

571 3573 677 3655 61)
739 3578 800 3635 et
861 3569 1193 3636 Cudworth
1256 3572 1437 3658 (Syst.
1497 3572 1789 3637 intellect.
1836 3570 1964 3649 IV,
2016 3574 2122 3656 23)
2170 3572 2395 3655 aliique
2440 3596 2588 3636 non-

632 3815 682 3875 1)
717 3814 824 3863 vid.
869 3829 911 3864 e.
945 3831 993 3879 g.
1037 3814 1231 3864 Ficinus
1265 3815 1313 3863 in
1349 3818 1511 3864 annot.
1547 3814 1605 3863 ad
1638 3814 1795 3878 Epist.
1832 3814 1907 3873 ΙΙ,
1945 3814 1995 3863 in
2029 3830 2121 3878 qua
2156 3813 2448 3877 „mysteria”
2492 3815 2583 3864 sibi

564 3908 800 3959 invenisse
846 3908 1093 3958 videbatur
1137 3925 1288 3973 „quae
1321 3909 1496 3958 mirum
1530 3909 1581 3957 in
1616 3909 1811 3959 modum
1846 3912 2097 3972 praecepta
2130 3909 2417 3972 Euangeliou
2452 3926 2582 3959 eom·

599 4002 823 4053 rebant.''

564 4020 595 4068 P
629 4100 682 4162 2)
715 4098 824 4148 Vid.
860 4100 1192 4148 Westermann
1210 4137 1224 4158 ,
1259 4099 1332 4147 De
1366 4098 1654 4163 Epistologr.
1690 4099 1773 4147 Gr.
1812 4098 1926 4147 Pars
1961 4098 2159 4162 septima
2194 4099 2245 4147 in
2269 4098 2434 4164 Progr.
2453 4100 2581 4164 Lipa

565 4195 724 4255 1854,
759 4210 900 4259 quem
935 4194 1102 4243 ducem
1137 4194 1189 4243 in
1223 4194 1298 4242 his
1335 4209 1524 4257 sequor.
