3025 5067
1615 416 1741 477 234

674 606 910 673 crimini
958 611 1207 693 darent,
1278 620 1443 700 quod
1491 621 1642 685 tales
1688 625 1840 702 viri,
1906 627 2116 710 quales
2169 629 2346 693 ambo
2401 630 2679 730 Dionysi

670 724 953 807 fuerunt,
1009 732 1199 816 ipsius
1233 735 1554 822 disciplina
1592 742 1690 807 usi
1721 752 1958 823 essent,
1990 746 2150 810 sicut
2194 746 2426 811 Socrati
2457 732 2677 833 obj-eit

670 842 1015 929 Polycrates
1063 852 1229 933 quod
1275 854 1528 921 Critiam
1575 859 1887 926 habuisset
1933 863 2338 949 discipulum3
2387 867 2526 944 alii,
2567 868 2678 950 11111

668 961 934 1029 ludibrio
974 990 1113 1034 eum
1144 970 1436 1039 haberent
1468 979 1634 1060 quod
1675 981 1766 1044 vir
1801 984 2074 1047 omnium
2114 985 2592 1069 sapientissimus
2640 1010 2678 1051 a

668 1082 894 1147 stolido
938 1094 1195 1171 tyranno
1240 1092 1375 1157 ludi
1420 1118 1482 1160 se
1506 1120 1721 1181 passus
1754 1107 1928 1165 esset.
1998 1101 2240 1167 Indicat
2270 1104 2387 1167 hoc
2419 1106 2678 1189 scriptor

670 1198 982 1286 Epistolae
1042 1206 1111 1270 II
1122 1258 1143 1287 ,
1206 1233 1266 1295 p.
1331 1214 1457 1276 312
1522 1216 1617 1280 A:
1675 1218 1726 1282 οἱ
1779 1221 1874 1283 ἐπὶ
1919 1220 2138 1293 τούτοις
2183 1222 2430 1300 βοῶντες
2475 1224 2677 1288 πολλοὶ

667 1312 841 1395 ἦσαν,
904 1323 1174 1410 λέγοντες
1232 1332 1305 1402 ὦς
1351 1333 1423 1396 σὺ
1468 1336 1611 1411 ἐμοῦ
1656 1337 1763 1413 μὲν
1808 1340 2335 1421 καταπεφρόνηκας
2351 1390 2370 1424 ,
2418 1339 2590 1405 ἄλλα
2625 1342 2676 1405 δ’

670 1440 1053 1515 ἐσπούδακας.
1125 1446 1433 1533 Imprimis
1479 1456 1888 1520 memorabilis
1934 1457 2048 1522 hac
2094 1458 2169 1523 de
2215 1483 2279 1524 re
2324 1460 2496 1525 locus
2535 1460 2676 1545 legi-

669 1562 775 1622 tur
826 1561 989 1645 apud
1020 1564 1267 1630 Aelium
1316 1570 1679 1655 Aristidem,
1728 1574 1903 1657 ’Τπὲρ
1948 1581 2058 1640 τῶν
2089 1577 2415 1658 τεττάρων,
2448 1602 2510 1664 p.
2547 1582 2672 1643 300

671 1697 804 1761 sqq.
874 1680 1099 1762 Dind.,
1123 1706 1129 1713 ·
1155 1686 1263 1751 ubi
1330 1690 1430 1754 hic
1496 1690 1705 1756 rhetor
1771 1694 2092 1778 loquentes
2150 1696 2297 1762 facit
2343 1697 2674 1775 Periclem,

672 1792 985 1865 Cimonem
1000 1851 1018 1879 ‚
1099 1803 1443 1873 Miltiadem
1517 1818 1577 1875 et
1643 1810 2143 1892 Themistoclem,
2208 1815 2432 1899 quibus
2499 1815 2678 1880 Plato

669 1915 735 1979 in
796 1916 1025 2003 Gorgia
1084 1926 1467 2009 exprobravit
1528 1930 1693 2014 quod
1763 1954 1972 1997 eorum
2033 1933 2224 1999 ductu
2262 1935 2676 2001 'Athenienses

668 2034 873 2119 ignavi
934 2045 994 2102 et
1052 2039 1279 2107 feroces
1344 2046 1570 2111 redditi
1627 2058 1828 2113 essent
1887 2051 2175 2135 quodque
2235 2054 2366 2117 eius
2419 2054 2680 2117 feritatis

669 2152 788 2238 ipsi
855 2156 1103 2223 effectus
1150 2171 1351 2227 essent
1395 2168 1662 2250 experti3
1710 2169 1961 2235 eandem
2015 2172 2541 2257 exprobrationem
2585 2172 2683 2237 illi

668 2271 733 2335 in
801 2273 1117 2343 Platonem
1183 2283 1486 2367 rejiciunt.
1581 2286 1902 2369 Quaerunt
1971 2314 2042 2355 ex
2110 2314 2182 2357 eo
2198 2342 2217 2370 ‚
2289 2292 2440 2378 quid
2507 2292 2683 2377 Syra-

670 2413 954 2459 cusarum
989 2401 1233 2481 tyranni
1278 2424 1351 2467 ex
1395 2404 1526 2469 eius
1573 2408 2014 2473 consuetudine
2061 2418 2122 2475 et
2175 2410 2442 2475 consiliis
2483 2412 2680 2496 profe-

665 2512 857 2577 cerint
910 2522 972 2579 et
1025 2538 1147 2599 quo
1207 2520 1453 2587 honore
1504 2547 1644 2589 eum
1701 2527 2042 2593 habuerint.
2074 2530 2120 2614 1)
2211 2529 2390 2595 Hanc
2438 2531 2672 2616 vitupe-

663 2632 959 2698 rationem
1004 2634 1283 2721 Epistola
1318 2642 1633 2728 redarguit
1677 2668 1748 2710 eo
1765 2696 1782 2725 ‚
1819 2648 1988 2731 quod
2018 2648 2354 2733 Dionysius
2386 2650 2682 2736 importu-

669 2751 861 2815 nitate
914 2776 1023 2817 sua
1067 2756 1483 2841 impedivisset
1513 2765 1840 2848 quominus
1870 2766 2050 2831 Plato
2081 2789 2221 2833 eum
2253 2768 2682 2855 philosophiae

671 2872 1006 2957 praeceptis
1039 2876 1323 2943 erudiret.
1371 2880 1463 2944 Eo
1494 2888 1728 2967 spectat
1756 2883 2066 2969 Epistolae
2089 2885 2196 2950 III
2217 2908 2356 2972 pars
2379 2888 2580 2973 prior,
2615 2888 2679 2953 in

672 3010 791 3073 qua
826 2998 996 3076 parte
1028 3005 1385 3079 personatus
1407 3000 1588 3065 Plato
1612 3002 1678 3066 id
1709 3003 1828 3068 51111
1857 3005 2163 3090 proponit,
2197 3014 2270 3070 ut
2291 3007 2574 3071 ostendat
2603 3010 2682 3082 ὥς

668 3108 897 3181 εἰκότως
942 3135 1027 3177 σοι
1071 3116 1386 3202 (Διονυσίῳ)
1432 3118 1652 3199 ἔφυγον
1695 3130 1964 3187 κοινωνεῖν
2009 3123 2134 3205 περὶ
2178 3123 2264 3189 τοὶ
2306 3133 2412 3200 τῆς
2456 3125 2680 3199 πόλεως

670 3228 1010 3311 πράγματα
1052 3236 1136 3320 (p.
1186 3238 1313 3299 316
1359 3237 1434 3303 B.
1482 3239 1559 3305 cf.
1606 3238 1803 3327 Epist.
1849 3240 2011 3322 VH,
2059 3266 2120 3329 p.
2169 3244 2295 3309 345
2345 3246 2447 3330 A).
2533 3336 2540 3344 ·

742 3449 793 3512 1)
826 3449 983 3500 Locus
1024 3452 1251 3503 Aristidis
1294 3458 1410 3524 Περὶ
1458 3458 1620 3527 ῥητορ.
1663 3456 1716 3515 Ι,
1763 3472 1810 3521 p.
1857 3456 1918 3511 17
1973 3460 2092 3507 extr.
2135 3457 2234 3521 (cui
2267 3457 2468 3507 addatur
2501 3475 2550 3523 p.
2587 3456 2682 3510 167

673 3561 803 3609 sqq„
840 3546 935 3596 268
971 3552 1019 3597 et
1054 3549 1151 3598 324
1185 3561 1305 3614 sqq.)
1339 3555 1412 3601 est
1443 3551 1598 3602 instar
1631 3553 1901 3617 compendii
1934 3554 2228 3604 diversarum
2259 3554 2683 3618 reprehensionum

673 3641 845 3705 quibus
891 3643 1030 3693 Plato
1074 3649 1272 3709 propter
1308 3651 1528 3713 suscepta
1560 3648 1734 3697 itinera
1765 3648 1817 3697 in
1851 3648 2063 3699 Siciliam
2097 3650 2193 3699 fuit
2227 3650 2485 3709 obnoxius,
2519 3666 2683 3714 quam-

674 3754 817 3802 quam
862 3740 1026 3790 rhetor
1071 3757 1125 3791 ea
1168 3743 1329 3807 potius
1371 3744 1431 3793 ad
1475 3744 1708 3796 Miltiadis
1755 3749 2116 3810 ceterorumque
2160 3746 2510 3800 exeusationem
2543 3762 2685 3811 quam

674 3834 734 3883 ad
765 3834 983 3885 Platonis
1018 3836 1310 3901 Vituperium
1344 3856 1371 3888 a
1404 3856 1455 3891 se
1486 3841 1674 3905 prolata
1708 3841 1915 3909 dictitat.
1959 3842 2068 3892 Vid.
2101 3848 2210 3911 περὶ
2241 3846 2404 3911 ῥητορ.
2436 3842 2490 3901 1,
2523 3858 2571 3907 p.
2590 3842 2682 3891 98:

672 3936 759 3995 ἐγὼ
805 3938 898 4001 γὰρ
942 3932 1033 3985 οὔτ’
1076 3938 1208 3991 αὐτὸς
1258 3939 1461 3999 ἔγκλημα
1506 3938 1558 3997 δὴ
1590 3942 1724 3990 τοῦτο
1754 3944 2000 4003 ποιοῦμαι,
2041 3942 2090 3989 εἴ
2120 3957 2195 3989 ποι
2225 3942 2302 3989 καὶ
2335 3941 2534 3989 ὁπωσοῦν
2563 3943 2686 4006 ᾠήθη

672 4027 764 4076 δεῖν
808 4032 998 4079 Πλάτων
1044 4034 1183 4080 ἐλθεῖν
1226 4035 1477 4088 ἡστινοσοῦν
1533 4030 1641 4083 ἕνεκ’
1689 4038 1874 4100 αἰτίας,
1919 4032 2009 4084 οὐδ’
2046 4038 2204 4091 ὅστις
2238 4038 2408 4091 ἄλλος
2441 4040 2684 4101 προσφέ·

670 4144 757 4191 ρει
792 4144 849 4175 τι
880 4130 1133 4177 τοιοῦτον
1166 4128 1385 4197 εὐφρανεῖν
1412 4133 1624 4196 ἡγοῦμαι.
1656 4130 1737 4192 (cf.
1771 4134 1886 4200 Περὶ
1920 4141 2006 4181 τῶν
2029 4150 2156 4181 τεττ.
2181 4146 2229 4195 p.
2257 4131 2391 4193 309).
2424 4130 2581 4180 Verba
2601 4130 2692 4183 οὐδ’

672 4224 795 4285 ὅστις
828 4226 961 4284 ἄλλος
992 4224 1207 4274 indicant
1240 4228 1290 4274 et
1323 4224 1441 4277 alios
1476 4225 1624 4275 fuisse
1657 4225 1741 4289 qui
1774 4224 1867 4276 ista
1898 4224 2094 4275 Platoni
2127 4225 2430 4291 imputarint.

2666 520 2741 646 s
2755 476 2761 502 ‚
