3025 5067
1632 362 1718 423 44

678 566 743 629 in
801 566 972 629 libris
1032 566 1107 630 de
1165 566 1436 651 Legibus
1451 595 1470 645 3
1534 568 1641 631 sed
1700 568 1847 632 talia
1906 568 2317 631 additamenta
2378 574 2451 630 ut
2496 589 2708 651 parce.

676 706 788 748 nec
831 685 1207 749 incommode
1237 685 1510 750 adhibita
1541 687 1784 771 placent
1797 735 1816 764 ‚
1848 688 1936 751 ita
1964 686 2131 771 large
2162 686 2351 749 effusa
2381 707 2672 749 nauseam

676 811 920 867 movent
963 811 1025 867 et
1066 804 1420 882 imitatoriS,
1473 826 1600 868 non
1645 805 1913 888 germani
1958 805 2203 868 artificis
2247 825 2495 867 manum
2540 824 2675 887 pro—

673 920 847 985 dunt.
918 921 1305 1007 Quantopere
1347 929 1555 987 noster
1589 923 1656 986 in
1685 946 1801 987 11511
1836 923 2019 987 11111115
2049 923 2211 986 vocis
2244 922 2360 986 sibi
2390 922 2631 1006 placeat
2651 970 2670 998 ,

673 1042 880 1125 paucis
925 1041 1212 1125 exemplis
1257 1041 1624 1105 monstrabo.
1673 1065 1732 1126 p.
1782 1045 1917 1106 324
1956 1042 2043 1105 E:
2092 1044 2371 1120 Σωκράτη
2388 1090 2405 1122 ,
2454 1036 2512 1105 ὃν
2556 1040 2674 1116 ἐγὼ

671 1160 880 1239 σχεδὸν
923 1162 1022 1224 οὐκ
1065 1158 1138 1223 ἂν
1183 1160 1564 1239 αἰσχυνοίμην
1608 1161 1777 1224 εἰπὼν
1822 1162 2179 1226 δικαιότατον
2207 1157 2350 1223 εἶναι
2378 1165 2489 1223 τῶν
2519 1157 2673 1223 τότε.

671 1301 730 1364 p.
779 1281 904 1343 347
956 1278 1038 1341 C:
1085 1281 1258 1343 ταῦτ’
1303 1280 1524 1359 ἐρρήθη,
1576 1284 1775 1344 ταῦτα
1819 1278 2414 1361 ξυνωμολογήσαμεν,
2459 1280 2531 1347 ὡς
2578 1283 2676 1341 νῦν

670 1395 884 1477 εἴρηται
929 1398 1155 1477 σχεδὸν.
1204 1422 1263 1483 p.
1311 1400 1438 1461 350
1472 1399 1566 1461 D:
1601 1399 1721 1463 οὔτ’
1751 1394 1842 1465 οὖν
1872 1398 2098 1473 ἠλικίαν
2129 1398 2250 1478 ἔχω
2272 1397 2673 1474 ξυμπολεμεῒν

672 1514 756 1581 ἔτι
801 1515 1008 1595 σχεδὸν
1051 1516 1246 1583 οὐδενί.
1293 1516 1407 1602 ΕΡ.
1456 1517 1654 1595 Vm,
1704 1542 1763 1604 p.
1813 1518 1937 1583 357
1973 1518 2059 1581 B:
2092 1515 2134 1582 ἃ
2164 1518 2283 1597 γὰρ
2311 1567 2325 1582 .
2354 1568 2369 1583 .
2398 1516 2679 1593 ,ἑτοίμως

672 1634 799 1715 ἔχει
819 1685 835 1705 ,
898 1640 1096 1699 ταῦτα
1163 1634 1221 1698 δὲ
1287 1636 1496 1715 σχεδὸν
1556 1638 1583 1701 ὖ
1642 1639 1831 1717 κρίνων
1890 1637 2154 1702 ἀδύνατα
2214 1638 2314 1700 οὐκ
2354 1632 2420 1700 εὖ
2462 1639 2675 1715 φρονεῖ.

671 1752 749 1816 Ι11
801 1753 1082 1817 omnibus
1137 1753 1230 1817 his
1281 1754 1429 1818 10015
1475 1756 1685 1834 σχεδὸν
1730 1754 1909 1839 friget
1954 1756 2051 1819 vel
2094 1755 2373 1840 ineptum
2416 1760 2525 1817 est.
2595 1750 2676 1815 In

669 1870 784 1955 Ep.
831 1870 992 1949 VII,
1041 1895 1099 1956 p.
1141 1875 1266 1936 329
1301 1871 1350 1936 G
1380 1872 1637 1957 legitur:
1670 1873 1803 1950 μηνὶ
1837 1874 1895 1937 δὲ
1928 1874 2185 1953 σχεδὸν
2218 1871 2378 1942 ἴσως
2414 1870 2675 1950 τετάρτῳ

595 2056 611 2067 ,
670 1989 864 2054 Δίωνα
887 1989 1170 2075 ΔιονύσιοςΙ
1193 1989 1496 2068 ἐξέβαλεν.
1536 1992 1767 2056 Ambae
1792 1991 1905 2055 hae
1929 2014 2102 2055 voces
2119 1992 2465 2077 junguntur
2488 1989 2673 2052 etiam

672 2106 835 2192 apud
895 2106 1236 2186 Platonem,
1296 2115 1371 2172 nt
1425 2109 1491 2172 in
1552 2109 1737 2194 Soph.
1799 2133 1859 2195 p.
1925 2112 2049 2173 253
2117 2107 2199 2172 G:
2248 2114 2367 2180 πῶς
2412 2108 2530 2185 γὰρ
2575 2108 2677 2171 οὐκ

671 2226 994 2301 ἐπιστήμης
1041 2226 1128 2290 δεῖ
1165 2228 1261 2291 καὶ
1306 2229 1516 2308 σχεδὸν
1560 2233 1625 2305 γ’
1660 2228 1791 2300 ἴσως
1830 2238 1934 2304 τῆς
1980 2229 2269 2307 μεγίστης
2284 2254 2303 2305 ;
2364 2226 2440 2290 de
2483 2225 2675 2310 Legg.

672 2343 742 2407 II
756 2394 775 2421 ,
837 2366 898 2429 p.
962 2346 1088 2408 658
1148 2346 1241 2411 D:
1303 2347 1628 2427 τραγῳδίαν
1689 2350 1793 2433 (50.
1818 2412 1823 2414 ,
1852 2348 2065 2412 ceteris
2111 2347 2308 2432 poesis
2354 2345 2677 2431 generibus

672 2462 1040 2547 praeferunt)
1082 2464 1165 2529 τὰ
1193 2466 1462 2545 μειράκια
1491 2468 1590 2531 καὶ
1624 2466 1833 2560 σχεδὸν
1862 2465 1992 2539 ἴσως
2028 2466 2095 2530 τὸ
2136 2466 2347 2539 πλῆθος
2378 2464 2675 2529 απαντων.

671 2581 750 2645 Ι11
793 2582 890 2645 his
933 2582 1082 2646 10015
1127 2583 1333 2663 σχεδὸν
1377 2584 1678 2668 significat
1708 2608 1899 2667 prope
1913 2635 1931 2662 ,
1962 2585 2133 2670 fere,
2166 2582 2328 2660 ἴσως,
2362 2588 2429 2646 ‘at
2458 2584 2554 2667 (ex
2582 2582 2673 2646 rei

672 2701 912 2784 natura)
965 2702 1264 2783 probabile
1319 2710 1435 2781 est,
1500 2711 1564 2767 at
1621 2704 1686 2767 in
1740 2703 2017 2789 Epistola
2059 2702 2175 2765 hoc
2220 2701 2679 2787 significationis

673 2819 993 2883 discrimen
1039 2842 1162 2884 non
1207 2822 1473 2899 obtinet3
1522 2822 1729 2904 σχεδὸν
1772 2822 1860 2886 ibi
1905 2844 2152 2907 prorsus
2199 2822 2463 2885 otiosum
2508 2826 2618 2883 est.
2635 2808 2651 2816 ’
2682 2810 2689 2817 ’

763 2937 970 3022 Pergit
1015 2916 1132 3002 sic:
1180 2937 1276 3005 ὅτε
1309 2991 1324 3005 .
1361 2991 1376 3006 .
1413 2992 1428 3006 .
1476 2942 1592 3019 ἐγὼ
1645 2942 1941 3021 ἀφικόμην
1994 2940 2203 3020 σχεδὸν
2249 2939 2348 3014 ἔτη
2368 2936 2676 3020 ’τετταρα-

673 3080 848 3121 κοντα
900 3056 1184 3140 γεγονώς,
1234 3058 1384 3122 Δίων
1428 3054 1560 3140 εἶχε
1604 3060 1706 3133 τὴν
1746 3059 1973 3135 ἡλικίαν
2017 3054 2080 3133 ἣν
2125 3062 2303 3122 τανῦν
2354 3059 2677 3134 Ἱππαρῖνος

676 3171 943 3255 γέγονεν,
1002 3172 1100 3236 καὶ
1164 3172 1228 3247 ἢν
1281 3174 1427 3254 ἔσχε
1485 3174 1621 3239 τότε
1680 3172 1879 3258 δόξαν,
1940 3174 2160 3249 ταύτην
2217 3173 2317 3237 καὶ
2362 3173 2679 3237 διετέλεσεν

675 3292 828 3371 ἔχων
865 3292 1270 3370 Συρακουσίους
1313 3291 1523 3357 οἴεσθαι
1567 3293 1679 3358 δεῖν
1724 3293 2035 3372 ἐλευθέρους
2080 3290 2242 3357 εἶναι.

762 3409 859 3474 En
888 3431 1096 3473 rursus
1126 3410 1364 3489 σχεδὸν,
1397 3410 1564 3494 quod
1594 3412 1694 3474 hio
1724 3433 1964 3496 quoque
1994 3412 2139 3475 satis
2169 3411 2451 3487 otiosum,
2484 3431 2677 3494 quum

673 3527 984 3615 probabile
998 3528 1078 3590 sit
1099 3526 1415 3593 Platonem
1438 3552 1561 3613 qua
1580 3530 1709 3614 ipse
1728 3536 1863 3594 tum
1889 3536 2046 3593 esset
2064 3536 2259 3593 aetate
2276 3530 2463 3614 probe
2477 3549 2674 3591 nosse.

673 3647 832 3711 Tum
855 3646 1111 3712 alterum
1128 3647 1364 3723 γέγονεν
1380 3648 1599 3713 melius
1624 3648 1878 3727 abesset3
1904 3649 2056 3733 quin
2077 3670 2437 3733 magnopere
2460 3646 2677 3709 dubito

673 3790 824 3830 num
867 3775 1029 3831 recte
1074 3767 1311 3831 dicatur
1354 3765 1419 3844 ἣν
1448 3769 1676 3845 ἠλικίαν
1706 3768 1943 3845 γέγονεν
1959 3818 1978 3846 ,
2012 3768 2171 3831 siout
2199 3766 2421 3830 usitate
2452 3765 2678 3829 dicitur

671 3891 937 3951 τοσαῦτα
966 3885 1066 3960 ἔτη
1097 3886 1350 3964 γέγονεν.
1409 3886 1640 3951 Eodem
1670 3885 1851 3951 modo
1880 3885 2118 3950 Latini:
2152 3892 2237 3949 tot
2266 3907 2445 3949 annos
2471 3891 2675 3961 natus,

673 4026 798 4067 non
863 4026 1005 4068 vero
1020 4054 1040 4082 ‚
1102 4028 1224 4069 eam
1285 4012 1533 4070 aetatem
1593 4012 1783 4070 natm.
1880 4004 2184 4069 Credibile
2240 4004 2395 4068 foret
2437 4004 2679 4081 γέγονεν

675 4145 710 4185 a
767 4121 1011 4185 librario
1067 4122 1344 4188 additum
1388 4147 1517 4189 esse
1531 4174 1550 4203 ‚
1608 4125 1727 4189 nisi
1774 4124 2029 4209 epistola
2071 4130 2166 4187 tot
2210 4122 2393 4187 huius
2439 4122 2673 4207 generis
