3025 5067
1243 389 1366 450 159

285 616 424 658 non
471 573 690 665 ‘statim
749 594 978 662 sentit?
1067 595 1162 688 De
1206 595 1466 681 singulis
1513 603 1717 660 autem
1763 594 1911 660 haec
1964 593 2114 660 dicit
2126 621 2147 676 3
2194 595 2313 680 pri-

285 736 466 784 mum
513 713 589 778 de
633 714 848 792 Dario,
898 737 957 798 p.
1007 716 1134 780 332
1189 715 1279 778 A:
1328 714 1661 800 (Διονύσιος)
1708 715 1948 796 Δαρείου
1992 715 2310 779 ἑπταπλα-

287 837 398 913 σίῳ
465 832 817 916 φαυλότερος
877 832 1106 909 ἐγένετο
1120 880 1141 912 ,
1203 829 1262 904 ὃς
1323 835 1422 898 οὐκ
1481 833 1759 916 ἀδελφοῖς
1822 831 2143 904 πιστεύσας
2198 831 2309 898 οὐδ’

287 952 402 1032 ὑφ’
469 953 644 1016 αὑτοῦ
710 958 1016 1033 τραφεῖσι,
1077 958 1344 1022 κοινωνοῖς
1405 951 1464 1014 δὲ
1505 950 1673 1024 μόνον
1716 959 1822 1026 τῆς
1861 955 1959 1016 τοῦ
1998 951 2198 1025 Μήδου
2242 974 2311 1014 τε

287 1070 396 1135 καὶ
444 1071 712 1157 εὐνούχου
756 1071 1072 1150 χειρώσεως
1086 1120 1102 1145 ,
1149 1070 1384 1148 διένειμέ
1431 1095 1499 1138 τε
1537 1069 1679 1150 μέρη
1723 1069 1897 1150 μείζω
1948 1067 2175 1134 ἕκαστα
2206 1079 2309 1136 Σι-

290 1190 498 1258 κελίας
549 1187 744 1262 πάσης
790 1189 974 1262 ἑπτα,
1000 1240 1016 1254 .
1044 1240 1056 1253 .
1085 1240 1100 1254 .
1149 1187 1326 1266 ἔδειξε
1368 1212 1438 1254 τε
1481 1187 1901 1268 παράδειγμα,
1948 1183 2052 1258 οἷον
2072 1191 2192 1269 χρὴ
2214 1188 2311 1254 τὸν

291 1308 594 1384 νομοθέτην
657 1308 750 1372 καὶ
811 1305 1072 1385 βασιλέα
1129 1308 1226 1372 τὸν
1285 1307 1506 1384 ἀγαθὸν
1553 1307 1897 1384 γίγνεσθαι·
1947 1307 2147 1383 νόμους
2193 1308 2312 1386 γὰρ

291 1424 753 1497 κατασκευάσας
796 1425 880 1490 ἔτι
919 1429 1017 1489 καὶ
1055 1431 1152 1490 νῦν
1175 1424 1491 1490 διασέσωκε
1513 1427 1617 1500 τὴν
1641 1431 1868 1503 Περσῶν
1890 1426 2102 1507 ἀρχήν.
2154 1424 2315 1491 Cum

290 1543 394 1607 his
441 1565 723 1629 compara
759 1544 979 1608 haecce
1022 1543 1296 1610 Platonis
1343 1542 1559 1621 verba,
1610 1565 1669 1628 p.
1722 1544 1847 1636 695
1904 1542 1989 1608 O:
2024 1544 2313 1630 (Δαρεῖος)

289 1663 468 1727 ἐλθὼν
520 1665 602 1735 εἰς
662 1664 767 1740 τὴν
825 1664 1015 1744 ἀρχὴν
1091 1662 1190 1728 καὶ
1243 1662 1446 1741 λαβὼν
1504 1665 1685 1738 αὐτὴν
1760 1661 2028 1740 ἕβδομος,
2077 1663 2313 1728 διείλετο

289 1779 456 1846 ἕπτα
514 1781 656 1862 μέρη
717 1783 1061 1860 τεμόμενος,
1109 1778 1181 1846 ὧν
1215 1781 1326 1846 καὶ
1375 1787 1471 1846 νῦν
1516 1781 1600 1846 ἔτι
1647 1782 1865 1863 σμικροὶ
1911 1781 2171 1863 ὀνείρατα
2216 1782 2313 1846 λέ-

293 1917 536 1968 λειπται
564 1925 578 1938 ·
627 1902 725 1968 καὶ
771 1903 973 1980 νόμους
1019 1900 1172 1978 ἠξίου
1218 1902 1446 1978 θέμενος
1489 1902 1657 1966 οἰκεῖν
1681 1947 1699 1966 .
1727 1951 1741 1967 .
1775 1949 1790 1964 .
1830 1900 2041 1983 φιλίαν
2080 1900 2314 1981 πορίζων

295 2023 397 2086 καὶ
431 2022 711 2087 κοινωνίαν
743 2025 892 2086 πᾶσι
931 2021 1199 2101 Πέρσαις.
1247 2019 1326 2085 In
1363 2019 1639 2084 Platonis
1670 2019 1806 2084 loco
1837 2017 2079 2098 ἕβδομος
2110 2019 2314 2098 λαβὼν

299 2141 486 2216 αὐτὴν
545 2141 847 2226 significat
903 2163 1204 2226 „regnum
1251 2163 1555 2226 occupans
1602 2162 1781 2216 unus,
1811 2161 1843 2203 e
1888 2147 2117 2224 septem
2177 2139 2317 2202 Per-

301 2282 509 2322 sarum
554 2258 930 2345 principibus
946 2259 1008 2337 ‚”
1037 2260 1113 2323 iis
1147 2260 1255 2343 qui
1286 2266 1497 2324 contra
1530 2258 1784 2343 Magum
1815 2259 2279 2343 conjuraverant
2294 2285 2312 2336 3

302 2385 514 2442 noster
557 2376 816 2441 ridiculo
862 2379 1059 2442 utitur
1088 2377 1410 2443 verborum
1447 2377 1627 2455 lusu,
1662 2399 1853 2462 quum
1886 2376 2139 2440 Darium
2170 2376 2316 2442 facit

301 2497 697 2577 ἑπταπλασίῳ
758 2496 1255 2582 praestantiorem
1314 2496 1611 2580 Dionysio
1627 2546 1647 2574 ‚
1710 2505 1782 2561 ut
1839 2497 1947 2581 qui
1991 2496 2315 2581 imperium

301 2615 626 2680 Persarum
671 2615 976 2680 divisisset
1020 2615 1086 2678 in
1139 2621 1370 2700 septem
1404 2622 1607 2701 partes
1648 2613 1918 2698 singulas
1948 2622 2080 2678 tota.
2110 2613 2319 2678 Sicilia

299 2734 580 2799 maiores.
650 2733 807 2798 Tum
822 2783 841 2812 ,
912 2732 1252 2798 secundum
1322 2733 1641 2797 Platonem
1656 2781 1675 2810 ,
1747 2732 1978 2798 ordinis
2040 2755 2075 2796 a
2129 2732 2317 2798 Dario

301 2853 625 2917 constituti
685 2859 927 2917 tantum
987 2852 1204 2932 σμικροὶ
1273 2853 1539 2933 ὀνείρατα
1613 2851 1955 2928 λέλειπται,
2026 2851 2317 2916 nimirum

299 2971 465 3034 hanc
526 2970 603 3035 ob
657 2992 903 3035 causam
966 2970 1084 3054 (uti
1145 2970 1296 3036 dicit
1344 2993 1402 3055 p.
1455 2972 1580 3037 697
1633 2969 1735 3056 C),
1794 2967 1878 3036 ὅτι
1924 2971 1991 3036 τὸ
2036 2970 2318 3050 ἐλεύθερον

299 3090 440 3154 λίαν
499 3089 852 3171 ἀφελόμενοι
913 3096 1014 3154 τοῦ
1075 3089 1255 3167 δήμου
1270 3139 1288 3167 ,
1344 3088 1411 3154 τὸ
1457 3089 1786 3156 δεσποτικὸν
1831 3089 1878 3154 δ’
1902 3088 2319 3188 ἐπαγαγόντες

299 3212 540 3286 μᾶλλον
594 3216 696 3274 τοῦ
757 3210 1157 3291 προσήκοντος,
1204 3209 1272 3275 τὸ
1315 3211 1488 3292 φίλον
1533 3211 1848 3275 ἀπώλεσαν
1891 3208 1990 3274 καὶ
2035 3210 2101 3274 τὸ
2146 3207 2319 3274 κοινὸν

299 3329 366 3392 ἐν
425 3336 498 3409 τῇ
559 3325 746 3395 πόλει.
837 3331 957 3406 At,
1007 3327 1344 3394 secundum
1391 3327 1730 3414 Epistolam
1742 3377 1761 3406 ,
1808 3327 2035 3393 Darius
2079 3324 2317 3411 legibus

299 3444 640 3509 condendis
685 3447 769 3512 ἔτι
815 3446 914 3511 καὶ
960 3453 1056 3512 νῦν
1110 3448 1446 3525 διασέσωκε,
1493 3447 1555 3512 h.
1589 3470 1640 3513 e.
1673 3446 1979 3511 incolume
2019 3444 2323 3530 praestitit.

295 3584 564 3647 regnum
624 3564 962 3631 Persarum.
1048 3564 1266 3645 Qualis
1327 3573 1461 3630 tum
1507 3565 1627 3628 ista
1680 3564 2068 3629 incolumitas
2130 3568 2315 3641 esset,

301 3704 384 3746 ex
430 3681 682 3746 historia
725 3689 964 3747 notum.
1056 3682 1151 3747 De
1198 3683 1670 3748 Atheniensium
1717 3682 2059 3767 principatu
2109 3680 2196 3744 ita
2234 3679 2321 3745 lo-

301 3801 550 3885 quitur,
614 3824 674 3887 p.
722 3804 850 3865 332
901 3800 982 3865 B:
1038 3801 1124 3867 ἔτι
1171 3803 1219 3867 δ’
1239 3804 1522 3877 Ἀθηναῖοι
1569 3803 1701 3883 πρὸς
1748 3799 1965 3870 τούτοις
2010 3800 2111 3864 οὐκ
2156 3795 2317 3864 αὐτοὶ

300 3920 742 3992 κατοικίσαντες
802 3920 1034 3992 πολλὰς
1090 3926 1201 3986 τῶν
1245 3921 1536 3996 Ἑλλήνων
1597 3920 1795 3990 πόλεις
1849 3917 1959 3981 ὑπὸ
2003 3916 2320 3996 βαρβαρων

301 4036 760 4116 ἐκβεβλημένας
778 4089 797 4113 ,
859 4041 1004 4104 ἀλλ’
1053 4038 1382 4116 οἰκουμένας
1429 4035 1883 4118 παραλαβόντες
1900 4085 1917 4106 ,
1966 4032 2117 4113 ὅμως
2164 4034 2322 4112 ἐβδο-

301 4157 572 4236 μήκοντα
618 4158 716 4233 ἔτη
765 4157 1128 4241 διεφύλαξαν
1172 4161 1276 4234 τὴν
1319 4159 1538 4239 ἀρχὴν,
1587 4155 1795 4235 ἄνδρας
1840 4154 2045 4235 φίλους
2092 4155 2150 4219 ἐν
2186 4160 2320 4225 ταῖς
