3025 5067
1495 372 1651 433 140

615 600 797 654 num,
861 578 935 640 de
994 599 1116 660 quo
1174 578 1460 662 optimam
1526 600 1690 663 spem
1735 578 2142 663 concepisset,
2190 577 2612 664 philosophiae

615 718 815 760 amore
860 695 1129 759 imbuere
1143 744 1162 773 ,
1187 695 1287 789 'ad
1331 695 1619 760 virtutem
1664 703 1725 759 et
1770 676 2231 781 temperantiam
2276 695 2573 760 adducere
2588 744 2608 773 ‚

617 815 867 897 eiusque
946 835 1128 898 opera
1205 812 1513 897 Syracusis
1594 820 1653 876 et
1728 814 1845 877 toti
1922 813 2161 877 Siciliae
2233 813 2571 878 libertatem
2586 862 2611 890 ,

613 934 1072 1018 prosperitatem
1088 984 1106 1007 ,
1171 955 1466 997 summam
1523 932 1785 1016 denique
1800 982 1818 1011 ,
1868 939 1939 996 ut
1984 932 2159 1010 dicit,
2206 932 2613 1011 μακαρίοτητα

615 1051 927 1136 impertiri.
1020 1049 1136 1113 His
1180 1042 1535 1114 inseruntur
1579 1074 1650 1114 ea
1694 1073 1848 1135 quae
1895 1051 1973 1114 ad
2018 1040 2319 1115 moralem·
2336 1050 2613 1113 Platonis

617 1169 952 1234 doctrinam
967 1218 986 1246 ‚
1036 1168 1292 1232 docendi
1335 1168 1693 1233 methodum
1724 1176 1785 1233 et
1815 1169 2285 1255 philosophandi
2314 1169 2613 1232 rationem

617 1288 975 1352 declaranda
1019 1265 1341 1371 pertinent.

702 1406 815 1470 Uti
861 1414 1063 1470 autem
1109 1428 1144 1469 a
1185 1406 1482 1491 promisso
1516 1406 1811 1470 aberravit
1842 1406 2099 1491 scriptor
2112 1455 2131 1484 ‚
2184 1406 2272 1469 ita
2300 1406 2612 1470 interdum

620 1526 794 1609 quasi
846 1524 1071 1589 oblitus
1127 1524 1203 1587 ad
1255 1524 1581 1589 familiares
1638 1547 1700 1588 se
1746 1524 2001 1589 scribere
2050 1524 2136 1588 sic
2181 1525 2487 1609 loquitur,
2537 1533 2611 1589 ut

621 1651 904 1730 appareat
964 1644 1278 1729 epistolam
1337 1667 1460 1708 non
1525 1644 1601 1708 ad
1647 1644 2033 1711 familiarium
2082 1653 2322 1711 coetum
2366 1646 2613 1710 missam

620 1786 776 1842 esse,
837 1763 942 1827 sed
1002 1762 1364 1827 destinatam
1408 1770 1480 1827 ut
1525 1763 1710 1847 vulgo
1754 1764 2087 1849 legeretur,
2138 1764 2329 1828 veluti
2373 1787 2433 1849 p.
2482 1766 2612 1828 324

618 1881 705 1946 B:
769 1882 856 1953 τίς
917 1881 964 1945 δ’
996 1876 1059 1954 ἦν
1123 1884 1148 1946 ὃ
1209 1881 1407 1961 τρόπος
1469 1890 1574 1957 τῆς
1638 1881 1911 1958 γενέσεως
1959 1885 2140 1957 αὐτῆς
2160 1934 2176 1953 ,
2226 1886 2325 1948 οὐκ
2368 1882 2614 1959 ἀπάξιον

618 2003 864 2066 οἰκοῦσαι
907 2000 1033 2081 νέῳ·
1068 2002 1185 2065 καὶ
1210 2002 1323 2079 Ϊμὴ
1355 2000 1502 2081 -νέῳ,
1541 2023 1602 2085 p.
1645 2003 1767 2066 337
1803 2000 1889 2064 E:
1926 2004 1959 2077 ἦ
1991 2001 2048 2065 δὲ
2080 1997 2291 2081 ὕστερα
2322 2003 2535 2080 πορεία.
2558 2052 2573 2068 .
2596 2053 2611 2069 .

621 2121 693 2191 ὡς
754 2118 1090 2190 εἰκότως...
1137 2118 1406 2203 γέγονεν,
1459 2113 1501 2200 ᾧ
1546 2118 1749 2196 μέλει
1786 2120 2067 2184 ἀκούειν
2112 2118 2299 2196 ἔξεο-τι
2345 2120 2410 2185 τὸ
2454 2122 2616 2199 μετὰ

571 2260 582 2271 ’
624 2244 807 2305 τοῦτο.
897 2216 1202 2322 Loquitur
1255 2237 1332 2300 ad
1377 2260 1548 2301 senes
1594 2244 1655 2301 et
1698 2260 1917 2322 pueros
1933 2288 1953 2316 ,
2001 2238 2361 2323 cuicumque
2406 2239 2616 2303 audire

627 2358 816 2423 lubet.
906 2355 1225 2421 Interdum
1286 2355 1361 2419 de
1415 2354 1491 2418 iis
1554 2355 1629 2419 ad
1686 2378 1837 2439 quos
1892 2356 2099 2420 scribit
2149 2356 2429 2440 loquitur
2486 2364 2618 2421 tan·

625 2498 808 2562 quam
853 2474 928 2537 de
959 2472 1126 2551 aliis,
1160 2475 1338 2536 tertia
1370 2494 1651 2557 persona,
1684 2496 1743 2558 p.
1781 2476 1907 2537 333
1942 2473 1991 2538 O
2019 2500 2033 2537 t
2066 2469 2169 2539 οἷον
2200 2476 2319 2556 γαῤ
2350 2474 2615 2559 γέγονεν,

624 2597 867 2659 οἰκοῦσαι
905 2593 1020 2673 χρὴ
1069 2593 1226 2664 τοὺς
1270 2590 1394 2669 ἐμὲ
1425 2598 2024 2670 παρακαλοῦντας
2057 2594 2193 2674 πρὸς
2228 2594 2310 2658 τοὶ
2345 2599 2439 2658 νῦν
2477 2593 2620 2673 προὶ-

626 2736 866 2792 γματα.
915 2713 1043 2774 334
1090 2709 1179 2774 C:
1227 2713 1399 2775 ταῦτ’
1443 2710 1659 2790 εἴρηται
1704 2711 1903 2777 πάντα
1944 2720 2049 2787 τῆς
2084 2711 2421 2791 ξυμβουλῆς
2451 2709 2619 2777 ἕνεκα

626 2837 754 2897 τῶν
801 2830 1133 2896 Διωνείων
1171 2829 1393 2912 φίλων
1431 2828 1546 2893 καὶ
1580 2828 1961 2918 ξᾳγγενῶν.

666 3000 670 3005 .
718 2947 901 3029 Quod
963 2957 1163 3012 autem
1224 2947 1301 3010 ad
1345 2947 1563 3021 Dionis
1609 2949 1983 3035 propinquos
2030 2950 2137 3033 qui
2180 2949 2497 3015 Platonem
2544 2950 2620 3015 de

567 3132 573 3139 ,
630 3066 1056 3131 constituenda
1117 3065 1549 3151 Syracusarum
1610 3067 1855 3131 civitate
1914 3068 2291 3133 consuluisse
2335 3068 2623 3133 (licuntur

630 3186 874 3263 attinet,
924 3185 1169 3269 quinam
1215 3184 1318 3247 isti
1361 3184 1743 3269 intelligendi
1787 3185 1969 3250 sunt?

718 3303 1084 3368 Plutarchus
1143 3303 1204 3366 in
1266 3302 1393 3367 vita
1436 3303 1653 3370 Dionis
1698 3305 1945 3369 nomina
1989 3307 2245 3370 servavit
2287 3306 2619 3371 illustrium

630 3424 895 3487 virorum
958 3422 1066 3505 qui
1124 3421 1340 3485 Dionis
1387 3421 1640 3486 consilia
1685 3424 2039 3509 adjuverant
2082 3426 2179 3490 vel
2224 3410 2623 3511 eripeditionis

633 3542 917 3606 adversus
985 3541 1346 3625 Dionysium
1413 3541 1561 3604 socii
1620 3540 1876 3605 fuerant.
1968 3542 2046 3607 In
2105 3544 2199 3607 his
2260 3552 2626 3611 memoratur

634 3660 849 3724 Dionis
917 3660 1100 3723 frater
1162 3659 1465 3743 Megacles
1489 3708 1508 3737 ‚
1578 3667 1713 3723 tum
1780 3659 1999 3746 hospes
2066 3662 2195 3725 eius
2264 3662 2580 3749 Callippus
2604 3713 2623 3742 ‚

635 3778 800 3865 apud
859 3794 1040 3863 quem
1100 3778 1356 3841 Athenis
1416 3777 1793 3843 habitaverat
1808 3828 1824 3855 ,
1886 3780 1993 3863 qui
2048 3779 2171 3844 duo
2217 3804 2358 3846 eum
2400 3782 2628 3847 intran-

635 3905 758 3962 tem
805 3897 1127 3983 Syracusas
1173 3897 1247 3961 ab
1292 3903 1555 3981 utroque
1600 3898 1787 3962 latere
1832 3899 2103 3964 comitati
2148 3910 2312 3965 sunt.
2383 3902 2628 3967 Praeter

636 4016 747 4080 hos
811 4038 947 4079 eum
1011 4015 1204 4079 secuti
1248 4022 1394 4079 sunt
1436 4014 1785 4081 'simonides
1830 4016 2174 4083 Leucadius
2191 4070 2211 4099 ,
2261 4020 2367 4105 qui
2411 4044 2505 4084 res
2551 4022 2626 4086 ab

638 4156 708 4199 eo
753 4139 950 4219 gestas
995 4133 1186 4197 literis
1231 4133 1567 4211 mandavit,
1616 4134 1949 4201 Eudemius
1997 4136 2256 4223 Cyprius
2272 4190 2291 4217 ‚
2332 4141 2628 4205 Aristote-
