3025 5067
1266 411 1347 472 61

289 618 418 680 lare
473 617 900 699 philosophiae.
993 615 1334 679 Dissimiles
1395 626 1542 679 sunt
1601 615 1897 681 dictiones
1951 637 2107 700 quae
2166 636 2307 679 cum

290 732 406 797 hac
453 740 762 817 comparat
809 732 1021 797 Astius
1065 732 1214 797 Lex.
1261 732 1501 797 Platon.
1552 757 1600 798 s.
1650 757 1703 797 v.
1751 734 1814 798 in
1863 734 2085 819 quibus
2130 741 2303 815 μοῖραι

290 851 556 937 appositi
598 850 862 915 nominis
909 850 1296 936 amplificatio
1341 850 1637 935 quaedam
1684 860 1808 930 est,
1854 852 2023 915 utin
2047 850 2206 916 Phil.
2239 873 2300 936 p.

299 972 382 1033 60
431 968 518 1033 B:
567 972 600 1043 ἦ
647 973 749 1035 τοῦ
791 969 1016 1047 &aava
1060 975 1232 1049 μοῖραι
1276 991 1387 1054 pro
1435 969 1501 1034 τὸ
1544 970 1765 1048 ἀγαθόν
1782 1018 1797 1033 .
1846 970 1923 1033 de
1967 969 2157 1054 Legg.
2200 968 2300 1048 II,

296 1090 424 1151 656
471 1086 558 1151 B:
605 1090 677 1161 ὥς
718 1090 776 1152 ἐν
813 1087 1051 1161 παιδιᾶς
1088 1088 1290 1170 μοίρᾳ,
1323 1089 1491 1173 quasi
1516 1111 1633 1171 per
1648 1090 1868 1174 jocum.
1918 1086 2303 1153 Constructio

289 1207 650 1285 ἀνέγκλητός
712 1231 858 1278 τινος
903 1207 1005 1271 vix
1051 1229 1264 1291 graeca
1309 1214 1436 1285 est3
1485 1206 1813 1272 dicendum
1859 1216 1969 1294 pro·
2014 1207 2129 1271 hoc
2177 1214 2305 1271 erat

291 1324 652 1402 ὦνεγκλητός
697 1350 802 1389 τινι
847 1324 942 1391 vel
989 1326 1123 1405 πρός
1167 1349 1318 1390 τινα.

1225 1563 1368 1647 ss.

555 1798 654 1861 De
693 1798 989 1862 sententiis
1031 1805 1088 1861 et
1131 1798 1315 1863 verbis
1358 1822 1396 1861 a
1441 1798 1689 1870 Platone
1732 1798 2023 1863 desumtis.

379 2032 422 2097 J
423 2055 520 2097 am
565 2056 750 2119 snpra
789 2034 1005 2102 monui
1052 2035 1371 2119 epistolam
1416 2035 1573 2101 hanc
1619 2035 1901 2101 refertam
1946 2058 2075 2099 esse
2105 2035 2302 2101 verbis

295 2160 355 2215 et
413 2154 731 2218 sententiis
793 2175 949 2237 quae
1009 2153 1358 2217 Platonicae
1413 2154 1705 2219 orationis
1750 2154 2012 2219 colorem
2064 2154 2304 2219 imitan-

294 2277 394 2334 tur
408 2320 428 2349 ,
477 2271 642 2356 quod
687 2272 990 2336 neminem
1037 2272 1142 2356 qui
1189 2270 1461 2336 Platonis
1509 2272 1735 2357 scripta
1779 2271 1875 2335 vel
1920 2271 2135 2336 leviter
2166 2273 2305 2336 atti·

296 2390 452 2475 gerit
518 2390 728 2475 fugere
771 2396 992 2476 potest.
1026 2391 1072 2475 ¹)
1162 2389 1435 2454 Imitatio
1483 2390 1630 2454 haee
1685 2389 1866 2453 efficit
1911 2396 1983 2454 ut
1996 2439 2016 2468 ,
2066 2390 2117 2453 si
2164 2390 2304 2474 quis

292 2508 504 2573 leviter
549 2508 706 2573 hanc
753 2508 1070 2594 epistolam
1115 2516 1454 2594 percurrat,
1503 2508 1679 2573 facile
1731 2508 2006 2573 Platonis
2052 2530 2302 2571 manum

295 2649 616 2713 agnoscere
675 2627 792 2692 sibi
849 2626 1130 2691 videatur
1145 2677 1163 2705 ‚
1228 2627 1338 2711 qui
1380 2649 1522 2691 vero
1568 2633 1799 2692 attento
1849 2627 2051 2691 animo
2097 2632 2156 2689 et
2203 2624 2304 2689 ad-

293 2745 489 2811 hibito
545 2744 779 2830 judicio
839 2745 1004 2831 legat
1018 2794 1038 2823 ‚
1098 2744 1434 2809 manifestis
1493 2743 1737 2808 indiciis
1789 2744 2156 2808 imitatorem
2203 2742 2302 2807 de-

295 2864 648 2951 prehendat.
702 2852 924 2949 Itaque
971 2885 1093 2948 qua
1137 2863 1496 2929 dexteritate
1544 2870 1605 2926 et
1652 2884 1773 2947 quo
1814 2861 2049 2947 judicio
2096 2870 2303 2927 noster

295 2985 358 3049 in
402 2983 702 3049 imitando
746 2984 999 3049 Platone
1039 3007 1187 3049 usus
1238 2985 1347 3062 sit,
1395 2984 1569 3049 lubet
1598 3006 1723 3047 uno
1771 2989 1832 3047 et
1876 2982 2067 3047 altero
2113 3004 2307 3046 exem-

297 3104 398 3189 plo
446 3102 768 3167 declarare.

385 3220 568 3307 Eligo
620 3219 825 3284 locum
885 3222 992 3303 qui
1052 3220 1275 3305 legitur
1335 3242 1394 3303 p.
1461 3222 1589 3283 330
1638 3218 1715 3283 D.
1812 3220 2043 3283 Auctor
2087 3218 2305 3283 Dionis

297 3340 504 3405 amicis
549 3339 873 3404 consilium
918 3339 1170 3404 daturus
1217 3338 1292 3402 de
1324 3337 1663 3401 ordinanda
1693 3336 2125 3422 Syracusarum
2158 3338 2299 3401 civi-

297 3465 422 3523 tate
437 3507 457 3536 ,
504 3458 722 3543 incipit
765 3457 948 3542 longo
996 3456 1302 3543 prooemio
1318 3506 1336 3534 ‚
1387 3477 1509 3540 quo
1558 3454 1807 3541 exponit
1836 3477 2019 3539 quam
2052 3455 2205 3519 viam
2241 3456 2303 3519 111

301 3575 554 3640 consilio
601 3574 803 3640 dando
825 3574 1192 3659 sequendam
1218 3579 1491 3638 censeat.
1524 3571 1683 3649 λέγω
1708 3572 1773 3646 δὴ
1796 3570 1940 3635 τάδε
1971 3591 1985 3605 ·
2030 3572 2187 3649 Ἐγὼ
2210 3572 2307 3637 τὸν

302 3694 776 3773 ξυμβουλεύοντα
819 3693 971 3774 αι’νδρῖ
1011 3692 1283 3771 κάμνοντι
1331 3692 1428 3757 καὶ
1469 3691 1695 3757 δίαιταν
1718 3688 2064 3770 διαιτωμένῳ
2087 3689 2307 3769 μοχθη-

303 3816 403 3894 ρὰν
446 3814 582 3895 πρὸς
620 3814 842 3891 ὑγιείαν
879 3811 1030 3878 ἄλλο
1074 3837 1131 3878 τι
1161 3812 1277 3893 χρὴ
1309 3817 1525 3891 πρῶτον
1552 3810 1660 3887 μὲν
1691 3808 1865 3874 αὐτὸν
1894 3807 2307 3886 μεταβάλλειν

369 4104 416 4164 1)
451 4100 695 4151 Nonnulla
727 4099 829 4148 eius
861 4098 1047 4163 generis
1081 4098 1256 4163 passim
1291 4096 1566 4146 indicarunt
1600 4095 2005 4154 Ast,-Salomon,
2042 4094 2155 4151 alii,
2189 4110 2307 4157 qnae

308 4184 473 4263 mag‘no
509 4213 708 4247 numero
742 4198 942 4261 possunt
975 4194 1150 4259 augeri.
