3025 5067
1338 348 1456 410 167

381 560 614 632 morat,
679 554 744 617 id
796 563 999 619 tamen
1045 576 1281 619 sumere
1328 553 1573 632 debuit,
1624 554 1947 638 quoniam,
1998 555 2048 617 si
2096 578 2163 617 ex
2215 555 2395 620 Italia

380 673 592 737 statim
635 673 700 736 in
745 673 1094 758 Aegyptum
1140 673 1446 757 profectus
1495 680 1621 749 est,
1670 671 1815 736 inde
1860 672 2042 735 rediit
2088 674 2389 752 AthenaS,

257 799 268 810 “
381 814 624 855 necesse
669 792 787 856 fuit
833 814 971 856 eum
1017 793 1242 855 iterum
1287 791 1352 854 in
1399 790 1646 854 Italiam
1692 791 1973 874 tendere,
2023 791 2165 856 inde
2210 793 2277 858 in
2307 792 2396 856 Si-

380 909 584 974 ciliam
629 911 1034 995 trajectarum.
1110 907 1311 974 Ceteri
1356 909 1676 994 scriptores
1725 909 1832 992 qui
1875 909 2094 974 itinera
2138 909 2392 974 comme—

382 1035 650 1104 morant,
699 1029 764 1092 in
809 1028 924 1091 hoc
971 1049 1215 1111 quoque
1263 1027 1595 1106 dissident,
1646 1027 1811 1111 quod
1856 1027 1961 1091 alii
1994 1050 2134 1091 eum
2163 1050 2287 1092 non
2319 1052 2392 1092 ex

381 1145 565 1209 Italia
607 1147 674 1210 in
719 1147 1067 1231 Aegyptum
1112 1146 1208 1209 vel
1255 1144 1565 1230 Cyrenen,
1620 1145 1727 1208 sed
1756 1146 2021 1231 primum
2059 1146 2124 1211 in
2156 1149 2393 1232 Aegyp-

381 1242 550 1341 tum’,
599 1272 739 1350 post
782 1265 848 1328 in
895 1264 1138 1328 Italiam
1185 1264 1525 1350 profectum
1573 1263 1805 1328 dicunt.

473 1382 721 1462 Cicer0,
769 1383 844 1447 de
897 1383 1049 1468 Rep.
1097 1382 1168 1460 I,
1222 1386 1337 1446 1οε
1385 1381 1696 1460 „Audisse
1743 1389 1803 1446 te
1849 1383 2027 1447 credo
2073 1383 2391 1448 Platonem

381 1502 627 1566 Socrate
685 1509 927 1566 mortuo
990 1502 1252 1586 primum
1313 1502 1380 1564 in
1441 1503 1791 1586 Aegyptum
1853 1501 2126 1565 discendi
2173 1525 2390 1582 causa,

380 1627 524 1704 post
583 1620 648 1682 in
705 1619 950 1683 Italiam
1013 1627 1074 1682 et
1111 1619 1377 1682 Siciliam
1425 1619 1805 1683 contendisse
1823 1669 1842 1696 ‚
1898 1627 1970 1683 ut
2014 1620 2393 1706 Pythagorae

379 1739 630 1802 inventa
673 1738 1101 1823 perdisceret.”
1147 1737 1241 1802 De
1282 1738 1416 1801 Fin.
1451 1737 1542 1815 V,
1580 1740 1697 1800 29:
1746 1736 1919 1815 „Cur
1948 1737 2125 1801 Plato
2158 1740 2395 1825 Aegyp-

380 1865 518 1921 tum
562 1858 940 1942 peragravit,
1012 1864 1083 1920 ut
1145 1880 1180 1920 a
1227 1856 1642 1920 sacerdotibus
1688 1856 1957 1920 barbaris
2004 1880 2286 1921 numeros
2334 1867 2394 1922 et

382 1977 670 2040 coelestia
730 1977 1071 2063 acciperet?
1133 1999 1242 2040 cur
1301 1983 1440 2062 post
1500 1975 1831 2040 Tarentum
1894 1977 1968 2041 ad
2023 1978 2355 2062 Archytam
2372 2027 2391 2056 ,

381 2117 493 2160 cur
567 2094 644 2158 ad
710 2094 978 2178 reliquos
1041 2095 1452 2180 Pythagoreos
1469 2143 1488 2172 ,
1552 2093 1944 2159 Echecratem
1961 2143 1979 2172 ,
2042 2094 2390 2175 Timaeum,

380 2214 708 2278 Acrionem
752 2212 1010 2292 Locros,
1063 2222 1170 2293 ut,
1235 2237 1423 2298 quum
1471 2214 1775 2278 Socratem
1824 2215 2244 2299 expressisset,
2293 2215 2393 2278 ad-

371 2333 660 2418 jungeret
704 2332 1227 2417 Pythagoreorum
1273 2332 1660 2418 disciplinam
1706 2355 1895 2428 eaque
1929 2355 2083 2418 quae
2116 2333 2391 2397 Socrates
2530 2387 2537 2393 .

379 2452 742 2538 repudiabat
794 2451 1129 2516 addisceret
1145 2452 1212 2515 ?''
1275 2451 1367 2516 Cf.
1409 2451 1590 2515 Tusc.
1634 2452 1699 2530 I,
1733 2429 1849 2529 17.;
1876 2451 1950 2515 de
1966 2451 2104 2516 Sen.
2131 2475 2181 2516 c.
2214 2453 2392 2536 12.1)
2498 2449 2502 2453 ’

371 2640 382 2654 ,
471 2572 1006 2638 Animadvertatur
1053 2571 1407 2660 Ciceronem
1454 2571 1685 2649 dicere,
1738 2594 1877 2635 eum
1894 2573 2153 2654 primum
2182 2572 2247 2636 in
2279 2573 2393 2636 Ae·

379 2698 638 2776 gyptum
683 2691 1022 2776 profectum
1069 2713 1226 2768 esse,
1262 2696 1404 2773 post
1450 2691 1515 2753 in
1562 2689 1810 2753 Italiam
1850 2697 1910 2753 et
1940 2689 2239 2770 Siciliam,
2267 2711 2392 2753 non

379 2811 514 2873 inde
559 2809 623 2872 in
667 2808 938 2872 Italiam:
990 2832 1176 2893 quare
1222 2809 1378 2873 nihil
1425 2809 1628 2873 obstat
1675 2809 2001 2892 quominus
2047 2809 2229 2873 verba
2260 2808 2390 2872 eius

379 2927 468 2990 sic
512 2927 978 3011 interpretemur
1009 2927 1194 3012 (quod
1227 2913 1415 2991 etiam
1435 2950 1550 3012 per
1577 2927 1909 3013 Apuleium
1933 2927 2121 3011 licet),
2155 2949 2293 2990 eum
2318 2949 2389 2991 ex

381 3045 661 3128 Aegypto
706 3043 952 3109 rediisse
998 3045 1064 3108 in
1109 3045 1398 3130 patriam,
1448 3051 1663 3129 postea
1706 3045 1850 3108 hinc
1898 3043 2278 3109 contendisse
2324 3045 2389 3108 in

379 3163 644 3242 Italiam.
716 3163 815 3227 Sic
874 3164 989 3228 iter
1036 3165 1102 3228 in
1148 3166 1499 3250 Aegyptum
1547 3165 1622 3229 ab
1667 3165 1884 3229 itinere
1928 3165 1994 3227 in
2040 3162 2281 3228 Italiam
2331 3172 2391 3227 et

381 3281 654 3349 Siciliam
701 3282 1064 3368 sejungitur.

458 3400 565 3467 ,Ex
638 3400 753 3465 hac
835 3401 1200 3486 scriptorum
1273 3393 1434 3466 inter
1507 3423 1573 3466 se
1634 3400 2009 3466 dissensione
2071 3399 2224 3464 effici
2285 3422 2394 3485 po-

446 3745 492 3804 1)
527 3745 645 3793 Rem
679 3743 887 3793 strictim
922 3745 1076 3809 tangit
1110 3744 1487 3810 Quinctilianus,
1525 3744 1645 3792 Inst.
1677 3745 1763 3792 Or.
1786 3742 1839 3802 Ι,
1869 3744 1929 3791 12
1948 3781 1962 3801 ,
1988 3744 2078 3790 15:
2104 3741 2245 3801 „Non
2270 3757 2380 3789 con·

379 3843 542 3889 tentus
586 3839 848 3904 disciplinis
893 3856 1008 3904 quas
1041 3845 1280 3905 praestare
1314 3841 1535 3905 poterant
1570 3839 1810 3898 Athenae,
1846 3855 1942 3887 non
1978 3839 2387 3902 Pythagoreorum

378 3936 438 3985 ad
485 3953 602 4000 quos
639 3937 690 3984 in
739 3935 928 3986 Italiam
979 3936 1246 4000 navigavit,
1295 3935 1502 4000 Aegypti
1549 3951 1735 3998 quoque
1782 3922 2051 3984 sacerdotes
2096 3933 2213 3982 adiit
2246 3937 2388 3996 atque

378 4047 542 4080 eorum
576 4047 746 4080 arcana
777 4031 1080 4096 perdidicit.’'
1115 4031 1332 4080 Valerius
1371 4031 1624 4088 Maximus,
1656 4031 1773 4080 VIII
1788 4070 1802 4088 ‚
1830 4030 1887 4090 7,
1910 4031 2118 4094 priorem
2142 4027 2387 4078 Ciceronis

377 4129 536 4178 locum
573 4128 813 4178 describit.
