3025 5067
1277 415 1398 476 161

335 649 483 688 νεσιν
525 627 591 688 ἐκ
633 628 1000 701 μονογενοῦς,
1051 623 1130 693 εἷς
1177 621 1243 686 τὸ
1287 623 1512 702 μετρίον
1558 627 1787 700 μᾶλλον
1832 621 2155 698 ξυνέστειλε
2181 644 2195 657 ·
2244 623 2341 686 καὶ

333 743 498 818 μετὰ
556 745 711 807 τοῦτ’
773 739 856 806 ἔτι
919 741 1096 822 φύσις
1155 765 1242 813 τις
1301 740 1612 820 ἀνθρωπίνη
1668 741 2003 819 μεμιγμένη
2075 741 2197 822 θείᾳ
2238 741 2342 804 τινὶ

331 861 571 938 δυνάμει
599 913 614 926 .
633 911 648 926 .
670 912 684 925 .
711 863 814 936 τὴν
838 865 949 925 τῶν
971 859 1114 925 ὅκα-ω
1137 859 1238 925 καὶ
1260 857 1430 925 εἴκοσι
1453 860 1727 939 γερόντων
1752 861 2034 944 (δύναμιν)
2057 860 2343 940 ἰσόψηφον

335 981 416 1050 εἷς
462 979 542 1044 τοὶ
571 979 835 1057 μέγιστοι
878 989 952 1060 τῇ
990 984 1100 1045 τῶν
1142 979 1437 1056 βασιλέων
1481 980 1776 1053 ποιήσασα
1798 977 2033 1057 δυνάμει
2060 999 2075 1012 ·
2102 979 2129 1042 ὂ
2152 979 2209 1042 δὲ
2231 978 2343 1058 τρί-

333 1122 432 1168 τος
478 1100 660 1177 σωτὴρ
689 1150 700 1164 .
730 1149 744 1164 .
774 1148 790 1164 .
851 1093 956 1162 οἷον
1014 1096 1227 1177 ψάλιον
1287 1097 1563 1174 ἐνέβαλεν
1612 1100 1762 1179 αὐτῇ
1822 1099 1926 1171 τὴν
1972 1103 2081 1162 τῶν
2127 1096 2341 1178 ἐφόρων

335 1217 597 1296 δύναμιν.
655 1216 856 1300 Igitur
903 1216 1239 1280 secundum
1285 1215 1604 1279 Platonem
1650 1215 1864 1279 salutis
1910 1215 2344 1300 Spartanorum

336 1345 460 1400 tres
519 1337 770 1400 fuerunt
831 1343 1136 1399 auctores:
1201 1335 1394 1420 primo
1463 1334 1597 1398 loco
1659 1345 1878 1418 natura
1938 1335 2060 1397 sive
2124 1334 2345 1418 aliquis

336 1455 484 1518 deus
497 1481 516 1532 ;
565 1455 717 1518 alter
761 1453 1032 1518 mortalis
1079 1453 1285 1517 divina
1316 1453 1522 1516 indole
1554 1453 1862 1538 praeditus
1873 1502 1891 1531 ,
1928 1453 2035 1536 qui
2066 1461 2345 1516 senatum

333 1575 632 1652 instituit3
687 1575 906 1638 tertius
914 1623 932 1652 ‚
983 1574 1089 1657 qui
1143 1573 1507 1658 ephororum
1556 1575 1979 1658 magistratum
2010 1573 2209 1656 regiae
2240 1593 2342 1656 po-

333 1695 544 1758 testati
599 1693 836 1758 addidit
897 1700 1188 1777 tanquam
1233 1695 1490 1758 frenum.
1563 1694 1775 1757 Alium
1822 1715 1963 1776 ergo
2009 1702 2112 1766 τῆς
2157 1716 2347 1772 γερον·

333 1815 502 1888 σίοις,
551 1813 738 1878 alium
783 1819 894 1877 τῶν
941 1798 1153 1894 ἐφόρων
1185 1813 1503 1898 potestatis
1544 1820 1845 1875 auctorem
1879 1811 2042 1874 facit.
2091 1810 2156 1873 Si
2194 1832 2347 1873 mor-

333 1931 477 1995 talis
522 1931 624 1995 ille
671 1931 876 1994 divino
909 1932 1152 2016 ingenio
1185 1930 1496 2017 praeditus
1528 1929 1845 2015 Lycurgus
1870 1929 2184 1993 habendus
2218 1937 2341 2007 est,

335 2049 447 2133 qui
514 2050 732 2112 tertius
778 2057 1146 2114 memoratur
1192 2050 1266 2114 ab
1312 2050 1418 2113 illo
1467 2049 1738 2112 diversus
1786 2056 1877 2112 est
1923 2056 1983 2111 et
2027 2048 2343 2111 recentior.

329 2167 376 2230 J
377 2190 488 2231 ure
533 2167 818 2232 Salomon
865 2169 946 2254 (p.
997 2171 1078 2232 20
1129 2171 1241 2252 sq.)
1288 2169 1431 2232 inde
1479 2167 1747 2252 colligit,
1798 2167 2114 2230 Platonem
2164 2166 2343 2251 epho-

333 2310 546 2352 rorum
621 2296 929 2351 auctorem
991 2288 1357 2372 significasse
1420 2287 1677 2351 eundem
1742 2309 1923 2370 quem
1984 2284 2342 2349 Aristoteles

332 2407 613 2470 nominat
650 2406 831 2470 Polit.
873 2405 953 2485 V,
1006 2409 1085 2470 11
1104 2457 1123 2484 ,
1163 2429 1364 2491 regem
1402 2406 1883 2492 Theopompum.
1947 2404 2022 2468 Id
2062 2411 2341 2468 nostrum

329 2525 531 2609 fugit,
594 2524 852 2609 ideoque
913 2533 1156 2590 secutus
1219 2532 1309 2588 est
1367 2526 1680 2610 vulgarem
1740 2523 2083 2609 opinionem
2102 2573 2121 2601 ,
2188 2546 2343 2607 quae

330 2645 654 2727 utriusque
697 2627 1089 2728 magistratus
1134 2645 1578 2708 institutionem
1624 2643 1904 2728 Lycurgo
1936 2643 2174 2708 tribuit.
2224 2642 2345 2706 He-

331 2762 470 2826 rod.
517 2761 585 2840 I,
638 2763 819 2846 65.1)

429 2999 506 3062 In
551 3000 763 3063 ceteris
810 3020 1054 3083 quoque
1101 2999 1371 3084 epistolis
1417 2999 1640 3084 passim
1678 3005 2005 3062 occurrunt
2048 2997 2363 3082 quaedam-

335 3116 461 3180 fide
503 3117 758 3201 indigna
802 3124 862 3180 et
907 3116 1212 3200 figmentis
1244 3116 1480 3180 similia.
1540 3115 1731 3180 Velut
1760 3116 2038 3201 Epistola
2077 3116 2147 3180 Π
2178 3124 2249 3180 ut
2278 3118 2345 3180 in

335 3235 538 3300 verbis
584 3243 645 3298 et
689 3235 1006 3299 sententiis
1052 3235 1247 3299 multa
1284 3234 1468 3299 habet
1507 3257 1543 3300 a
1582 3233 1839 3298 Platone
1885 3234 2079 3298 aliena
2094 3284 2113 3312 ,
2164 3235 2341 3297 etiam

334 3377 468 3418 rem
525 3360 819 3418 memorat
880 3375 1094 3439 parum
1157 3353 1547 3438 probabilem.
1642 3353 1719 3416 In
1792 3359 2058 3416 extrema
2124 3353 2347 3437 pagina

338 3475 423 3557 (p.
482 3475 610 3536 314
664 3472 738 3557 E)
785 3471 963 3535 Plato
1008 3471 1304 3556 Dionysio
1351 3471 1592 3536 scribit:
1640 3471 2025 3556 „Speusippo
2076 3479 2241 3534 utere
2288 3477 2347 3534 et

341 3588 590 3674 [deinde
651 3611 788 3653 eum
851 3588 928 3652 ad
990 3590 1128 3673 nos]
1193 3588 1492 3653 remitte.'’
1584 3591 1669 3652 At
1730 3589 1853 3652 sive
1900 3589 2048 3653 haec
2095 3587 2349 3673 epistola

337 3715 481 3794 post
540 3708 786 3772 alteram
842 3708 967 3771 sive
1012 3714 1152 3792 post
1195 3708 1434 3772 tertiam
1482 3707 1913 3792 profectionem
1962 3706 2185 3791 scripta
2228 3728 2349 3770 cre-

407 3925 455 3986 1)
490 3924 754 3974 Salomonis
777 3929 1056 3989 argumenta
1083 3924 1337 3988 speciosius
1373 3939 1517 3986 quam
1548 3922 1705 3971 verius
1741 3921 1957 3970 refellere
1988 3921 2199 3969 instituit
2225 3919 2346 3968 Her·

339 4036 542 4069 mannus
573 4020 622 4068 in
657 4019 884 4069 Zeitschr.
919 4022 955 4070 f.
990 4019 1244 4068 Alterthw.
1284 4019 1427 4078 1837,
1464 4035 1510 4083 p.
1550 4017 1661 4070 277.
1732 4018 2059 4081 Discrepantia
2094 4016 2219 4065 inter
2241 4015 2347 4063 Pla·

339 4117 468 4166 tonis
501 4117 658 4166 locum
693 4120 742 4166 et
775 4116 1039 4179 Epistolam
1069 4117 1168 4180 jam
1208 4132 1302 4163 non
1339 4117 1523 4179 fugerat
1552 4115 1768 4173 Astium,
1792 4114 2042 4162 Animadv.
2066 4113 2116 4162 in
2141 4113 2264 4162 Plat.
2290 4112 2347 4160 de

338 4213 484 4277 Legg.
518 4229 566 4277 p.
603 4212 714 4264 174.

2040 4310 2111 4365 11
