3025 5067
1296 410 1379 471 49

324 615 554 693 μαστὸς
599 614 671 681 ὢν
713 614 1016 695 ἅνθρωπος.
1064 616 1191 679 351
1239 615 1326 679 D:
1375 594 1556 688 παθοο
1602 614 1674 681 ἂν
1719 615 1853 690 ἴσως
1898 618 1960 682 οὐ
2006 617 2343 693 θαυμαστὸν

324 735 374 797 εἷ
408 732 594 799 πάθοι.
664 732 939 797 Plurima
975 732 1276 797 eiusmodi
1315 742 1677 819 exaggerata
1704 734 1869 799 diota
1902 734 2169 799 offerunt
2200 735 2341 820 Epi-

329 852 559 930 stolae,
611 852 706 916 uti
750 876 811 937 p.
860 854 984 917 327
1037 850 1121 915 C:
1169 852 1296 930 βίον
1330 854 1643 933 ἀμήχανον
1674 854 2079 934 μακαριότητι.
2110 876 2170 939 p.
2207 856 2334 917 351

330 970 419 1034 E:
490 970 766 1035 Σικελίαν
827 969 1012 1035 πένθει
1072 970 1402 1050 περιβαλὼν
1461 972 1673 1052 mpla:
1742 973 1967 1056 quibus
2022 972 2125 1036 vix
2171 972 2345 1037 aliud

325 1088 708 1151 manifestius
755 1086 988 1151 fraudis
1035 1087 1332 1153 indicium
1377 1090 1662 1173 reperias.

417 1204 774 1289 Sequuntur
814 1205 1067 1271 haecce:
1123 1206 1221 1271 καὶ
1268 1207 1399 1282 ὁρῶν
1443 1207 1621 1282 δήπου
1665 1207 1795 1278 τοὺς
1841 1205 2047 1287 ἄνδρας
2095 1209 2151 1271 ἕν
2195 1207 2339 1288 χρό-

327 1336 402 1405 νῳ
455 1327 634 1406 ὀλίγῳ
685 1324 896 1407 χρυσὸν
938 1324 1358 1401 ὥποδείξαντας
1407 1328 1510 1401 τὴν
1555 1325 1866 1405 ἔμπροσθεν
1910 1328 2207 1393 πολιτείαν
2263 1326 2344 1391 τοὶ

326 1442 553 1509 τ’ἄλλα
597 1444 695 1509 καὶ
741 1444 912 1527 φίλον
955 1442 1134 1525 ἄνδρα
1177 1445 1300 1521 ἐμοὶ
1348 1446 1731 1527 πρεσβύτερον
1779 1444 2057 1525 Σωκράτη
2076 1494 2091 1521 ,
2136 1444 2194 1509 ὃν
2234 1446 2351 1522 ἐγὼ

325 1563 540 1644 σχεδὸν
583 1566 682 1627 οὐκ
727 1561 797 1627 ἂν
843 1564 1222 1644 αἰσχυνοίμην
1269 1564 1436 1629 εἰπὼν
1468 1564 1827 1630 δικαιότατον
1856 1560 1999 1629 εἶναι
2031 1568 2143 1628 τῶν
2173 1564 2307 1628 τότε
2326 1613 2345 1645 ,

327 1681 433 1745 ε’πί
488 1706 619 1746 τινα
677 1687 802 1745 τῶν
847 1690 1091 1747 πολιτῶν
1135 1684 1262 1761 μεθ’
1307 1682 1504 1761 ἑτέρων
1550 1682 1813 1761 ἔπεμπον
1857 1683 1967 1764 βία
2010 1680 2231 1759 ἄξοντα
2276 1684 2352 1754 ὡς

325 1800 783 1877 ἀποθανούμενον
798 1849 813 1875 ,
861 1797 958 1865 ἵνα
1001 1800 1066 1873 δὴ
1111 1799 1354 1881 μετέχοι
1400 1805 1511 1865 τῶν
1557 1799 1927 1882 πραγμάτων
1977 1804 2171 1872 αὐτοῖς
2235 1797 2355 1865 εἴτε

329 1918 600 1995 βούλοιτο
655 1917 771 1983 εἴτε
829 1919 943 1993 μή·
1003 1920 1030 1983 ὅ
1089 1918 1148 1981 δὲ
1208 1921 1309 1984 οὐκ
1362 1920 1616 1984 ἐπείθετο
1634 1966 1649 1994 ,
1706 1923 1827 1983 πᾶν
1888 1919 1945 1983 δὲ
2006 1920 2352 1985 ἐκινδύνευσε

331 2037 538 2100 παθεῖν
600 2036 727 2113 πρὶν
780 2036 1015 2102 οἰνοσίων
1070 2038 1266 2109 αὐτοῖς
1327 2036 1502 2117 ἔργων
1534 2037 1812 2115 ,γενέσθαι
1858 2039 2109 2111 κοινωνός
2128 2087 2144 2103 .
2191 2036 2234 2103 ἃ
2281 2040 2348 2113 δὴ

334 2155 545 2219 πάντα
589 2156 829 2235 καθορῶν
873 2155 972 2219 καὶ
1018 2152 1073 2219 εί
1105 2158 1209 2219 τιν’
1255 2153 1422 2219 ἄλλα
1460 2162 1707 2222 τοιαῦτα
1737 2158 1798 2220 οὐ
1830 2158 2076 2240 σμικροὶ,
2111 2156 2352 2237 ἐδυσχέ-

337 2272 490 2353 ρανα
533 2296 603 2337 τε
645 2272 744 2336 καὶ
790 2272 1042 2350 ἐμαυτὸν
1087 2274 1466 2350 ἐπανήγαγον
1509 2273 1630 2338 ἀπὸ
1674 2279 1784 2339 τῶν
1828 2275 1961 2340 τότε
2006 2282 2215 2340 κακῶν.

427 2388 655 2453 Totum
694 2390 900 2454 locum
936 2389 1255 2475 descripsi,
1289 2396 1362 2453 ut
1395 2390 1911 2456 animadvertatur
1946 2392 2355 2457 anacoluthon

307 2530 464 2592 .quo
524 2508 826 2573 sententia
884 2507 1121 2573 laborat
1136 2534 1179 2587 ;-
1203 2508 1372 2593 prius
1435 2530 1579 2572 vero
1635 2531 1819 2593 quam
1874 2510 1938 2573 id
2000 2500 2351 2590 ostendam,⁴

335 2628 462 2692 alia
505 2626 804 2711 quaedam
849 2626 1137 2691 notanda.
1211 2626 1426 2709 Χρυσὸν
1456 2626 1879 2703 ἀποδείξαντας
1910 2631 2013 2705 τὴν
2044 2628 2355 2711 ἔμπροσθεν

335 2746 638 2811 πολιτείαν
683 2744 850 2809 haud
915 2745 1236 2809 invenuste
1297 2744 1533 2810 dictum
1600 2754 1691 2811 est
1752 2746 1829 2811 ad
1890 2748 2355 2833 significandum

339 2871 720 2952 praesentem
781 2864 1152 2950 reipublicae
1211 2864 1801 2930 administrationem
1846 2872 1971 2929 tam
2016 2888 2357 2952 perversam

337 2984 526 3047 fuisse
541 3033 560 3063 ,
623 2992 696 3048 ut
737 2984 903 3069 prior
947 3006 1150 3049 rerum
1195 2991 1392 3048 status
1439 3007 1691 3049 aureum
1738 2986 2047 3050 saeculum
2096 2988 2354 3072 (merum

341 3102 582 3186 aurum)
644 3100 966 3165 videretur.
1059 3100 1561 3166 Hemsterhusius
1624 3103 1701 3167 ad
1754 3101 2013 3168 Luciani
2057 3102 2350 3190 Necyom.
2425 3190 2429 3195 ι

340 3242 394 3284 o.
445 3224 486 3283 4
533 3218 674 3305 (vol.
727 3222 784 3283 1.
830 3241 892 3304 p.
939 3220 1132 3305 460),
1181 3220 1290 3304 qui
1334 3220 1515 3306 plura
1543 3220 1733 3285 huius
1765 3222 2051 3287 dictionis
2084 3223 2357 3309 exempla
2442 3237 2447 3242 “

340 3362 375 3403 e
420 3337 695 3403 Luciano
709 3387 730 3417 ,
776 3337 1060 3425 Eunapio
1077 3388 1096 3417 ‚
1142 3338 1504 3418 Plutarcho,
1553 3341 1753 3405 Dione
1798 3340 2040 3420 Cassio,
2075 3342 2319 3407 exhibet
2336 3394 2355 3421 ,

339 3465 551 3522 monet
594 3457 862 3529 ,ductam
923 3480 1051 3522 esse
1112 3458 1186 3523 ab
1246 3458 1545 3545 Euripide
1604 3460 1824 3527 Troad.
1877 3484 1962 3525 vs,
2013 3464 2179 3541 432,
2247 3464 2355 3527 ubi

344 3576 684 3643 Cassandra
727 3576 792 3641 in
837 3576 1082 3641 Ulixem
1128 3576 1312 3641 dicit:

654 3696 726 3768 ὥς
776 3694 990 3776 χρυσὸς
1039 3698 1196 3777 αὐτῷ
1241 3697 1414 3775 τοέμα
1460 3696 1558 3761 καὶ
1608 3704 1844 3777 Φρυγῶν
1888 3698 2048 3763 κακοὶ

657 3813 802 3891 δόξει
848 3818 977 3879 ποτ’
1021 3810 1183 3881 εἶναι.

345 3933 530 3998 Unde
576 3940 638 3997 et
661 3914 747 3997 ⁸in
793 3932 906 3997 hae
952 3933 1210 4018 epistola
1254 3941 1316 3997 et
1360 3934 1573 3998 ceteris
1619 3934 1684 3997 in
1727 3933 1880 3998 locis
1920 3956 2029 4019 pro
2062 3934 2358 4019 adjectivo

347 4052 612 4135 (χρυσῆν)
679 4050 1097 4137 reponendum
1158 4058 1364 4115 censet
1424 4051 1877 4117 substantivum
1938 4054 2187 4133 χρυσόν,
2260 4053 2360 4116 oui

347 4168 760 4254 adstipulatur
820 4166 1090 4232 Cobetus
1148 4170 1212 4232 in
1267 4168 1410 4232 Var.
1458 4168 1629 4233 Leot.
1679 4193 1739 4254 p.
1790 4173 1917 4234 236
1967 4178 2029 4233 et
2074 4171 2361 4255 suffraga-

2084 4290 2125 4345 4
