3025 5067
1606 432 1728 491 212

655 639 870 715 nione,
904 638 1220 702 Platonem
1264 637 1488 723 placita
1522 658 1630 699 sua
1664 635 1738 698 de
1770 635 1952 699 rebus
1985 635 2206 700 divinis
2240 642 2501 719 augusta
2532 656 2679 718 qua-

656 756 797 820 dam
842 758 1263 841 mysteriorum
1314 755 1478 820 nube
1510 754 1872 831 involvisse,
1907 776 2096 837 eaque
2131 764 2200 818 ut
2233 754 2455 838 vulgus
2488 754 2682 817 homi-

656 899 805 940 num
865 876 1214 961 superantia
1258 876 1466 960 paucis
1512 882 1754 938 tantum
1810 875 1985 957 quasi
2049 875 2127 938 ad
2175 875 2464 938 interiora
2510 896 2682 937 sacra

657 994 933 1058 admissis
974 995 1315 1079 aperuisse,
1354 994 1552 1056 oritur
1579 993 1890 1076 quaesti0,
1918 1016 2067 1056 num
2092 994 2158 1056 in
2189 992 2462 1056 Platonis
2495 992 2683 1075 scrip-

654 1114 733 1176 tis
781 1112 1066 1197 legantur
1112 1135 1267 1196 quae
1313 1111 1456 1175 huic
1506 1111 1780 1196 opinioni
1828 1110 2031 1174 locum
2073 1111 2216 1175 dare
2262 1112 2592 1195 potuerint.

746 1230 890 1296 Non
952 1232 1112 1316 fugit
1158 1231 1476 1294 Platonem
1526 1228 1988 1294 multitudinem
2038 1230 2357 1294 abhorrere
2405 1253 2440 1293 a
2485 1228 2684 1314 philo-

662 1351 876 1435 sophia
933 1358 991 1414 et
1038 1350 1237 1414 odisse
1284 1348 1716 1435 philosophOS,
1767 1371 1918 1432 quos
1965 1357 2258 1433 tanquam
2305 1348 2688 1427 μετεωρςσκό-

664 1492 803 1540 πους
865 1478 926 1531 et
984 1468 1317 1547 ὦεροβοέτοες
1380 1466 1567 1551 vulgo
1614 1467 1833 1545 rideri,
1882 1468 2223 1544 contemni,
2273 1468 2506 1552 sperni,
2555 1466 2686 1531 imo

664 1588 875 1651 exsilio
940 1595 1000 1651 et
1060 1595 1255 1651 morte
1317 1587 1502 1663 affici,
1565 1594 1692 1650 tam
1741 1585 1996 1650 aliorum
2045 1608 2228 1670 quam
2275 1585 2535 1650 Socratis
2583 1588 2688 1650 sui

665 1706 939 1792 exemplo
988 1706 1241 1770 edoctus
1290 1714 1435 1770 erat.
1530 1704 1875 1770 Luculenta
1928 1713 1989 1769 et
2035 1706 2204 1790 gravi
2249 1705 2519 1769 oratione
2567 1705 2688 1769 hac

665 1825 739 1887 de
798 1847 862 1887 re
924 1823 1200 1909 disputat
1262 1823 1335 1887 de
1382 1823 1532 1908 Rep.
1583 1822 1710 1901 VI,
1761 1848 1818 1909 p.
1877 1826 2249 1887 489—490.
2342 1823 2476 1886 Jam
2529 1822 2685 1906 quid

664 1942 855 2026 magis
920 1948 1393 2006 consentaneum
1456 1942 1647 2006 videri
1710 1949 1947 2026 poterat
2031 1965 2213 2026 quam
2291 1944 2396 2026 qui
2456 1943 2545 2005 ita
2605 1941 2688 2005 de

663 2060 1079 2125 multitudinis
1142 2060 1426 2144 opinione
1488 2061 1772 2137 sentiret,
1838 2083 1978 2125 eum
2040 2061 2265 2124 cavisse
2324 2082 2401 2125 ne
2463 2061 2689 2124 doctri-

668 2202 781 2243 nae
844 2179 1068 2263 placita
1129 2178 1615 2263 intelligentibus
1661 2187 1902 2243 tantum
1951 2186 2094 2264 apta
2136 2180 2202 2243 in
2251 2179 2472 2263 vulgus
2517 2178 2689 2242 effer-

668 2304 911 2372 rentur,
963 2316 1151 2379 eaque
1200 2294 1348 2359 adeo
1396 2305 1503 2358 aut
1551 2295 1887 2358 occultasse
1918 2304 2025 2359 aut
2054 2317 2179 2358 non
2202 2296 2322 2359 nisi
2346 2302 2503 2359 tecte
2529 2302 2587 2359 et
2612 2295 2688 2359 δι’

663 2415 943 2492 αἰνιγμῶν
990 2412 1405 2497 significasse?
1496 2411 1628 2477 Nec
1685 2414 2098 2478 scrutantibus
2146 2413 2354 2477 deesse
2403 2420 2690 2498 poterant

662 2532 887 2596 indicia
948 2532 1171 2617 quibus
1234 2532 1393 2595 hanc
1455 2532 1802 2615 opinionem
1868 2533 2051 2596 semel
2114 2540 2458 2616 susceptam
2508 2532 2688 2595 fulci-

660 2660 815 2716 rent.
908 2651 1085 2715 Plato
1134 2651 1294 2715 enim
1341 2648 1452 2715 ubi
1497 2650 1735 2715 abditas
1784 2652 2168 2735 quaestiones
2215 2658 2436 2715 tractat
2455 2701 2472 2728 ,
2519 2674 2690 2736 prae-

662 2770 869 2834 sertim
916 2769 991 2833 de
1037 2770 1337 2855 principio
1386 2777 1446 2833 et
1492 2769 1569 2832 de
1619 2772 1734 2833 fine
1780 2792 1979 2834 rerum
2027 2770 2300 2835 omnium
2316 2820 2334 2847 ,
2370 2770 2686 2835 interdum

661 2890 746 2953 sic
801 2889 1075 2973 loquitur
1133 2895 1205 2953 ut
1261 2912 1330 2952 ea
1376 2887 1635 2952 divinari
1684 2889 1888 2974 potius
1939 2910 2124 2972 quam
2170 2888 2454 2953 distincte
2503 2888 2685 2953 intel-

660 3007 771 3091 ligi
840 3014 899 3071 et
959 3007 1247 3093 explicari
1309 3028 1483 3092 posse
1545 3006 1861 3091 significet.
1957 3007 2044 3070 Ut
2103 3008 2379 3073 omittam
2433 3010 2644 3085 μύθους
2665 3058 2682 3085 ,

662 3125 886 3210 quibus
957 3126 1273 3210 opiniones
1344 3147 1483 3188 suas
1541 3125 1617 3189 de
1671 3126 2009 3190 animorum
2067 3134 2287 3191 natura
2340 3136 2400 3191 et
2445 3127 2686 3211 origine

662 3244 979 3330 exposuit,
1028 3245 1093 3308 in
1140 3243 1471 3308 Phaedone
1519 3244 1593 3309 de
1640 3245 2096 3309 immortalitate
2144 3246 2444 3310 disserens
2477 3254 2688 3332 aperte

666 3361 817 3427 dicit
864 3364 944 3447 (p.
998 3364 1077 3425 85
1128 3362 1246 3447 D),
1295 3368 1572 3447 oportere
1619 3385 1730 3426 nos
1764 3362 2066 3447 probabili
2095 3365 2331 3428 ratione
2363 3372 2687 3428 contentos

661 3503 791 3546 esse
806 3531 825 3559 ,
903 3481 950 3545 εἲ
1020 3483 1104 3557 μή
1158 3505 1247 3553 τις
1306 3481 1521 3545 δύναιτ’
1579 3480 2021 3562 ἀσφαλέστερον
2099 3482 2198 3547 καὶ
2267 3484 2680 3562 ἀκινδυνότερον

662 3600 757 3664 ἐπὶ
803 3600 1177 3680 βεβαιοτέρου
1216 3601 1525 3678 ὀχήματος
1567 3600 1599 3674 ἢ
1636 3600 1818 3675 λόγου
1859 3600 2000 3664 θείου
2036 3601 2183 3673 τινὸς
2225 3602 2646 3684 διείπορευθῆναι
2665 3658 2688 3679 ,

661 3719 829 3795 „nisi
891 3719 1028 3802 quis
1076 3717 1337 3782 firmiore
1382 3726 1512 3782 rate
1560 3727 1768 3782 vectus
1816 3718 1940 3782 sive
1988 3718 2194 3784 divina
2240 3720 2500 3805 quadam
2541 3724 2693 3786 rati-

664 3858 777 3900 one
836 3836 1017 3901 nixus
1074 3836 1272 3901 tutius
1334 3845 1395 3899 et
1442 3837 1668 3901 certius
1718 3860 1824 3920 per
1869 3838 2054 3901 vitam
2099 3840 2383 3925 navigare
2429 3842 2692 3925 possit.'’

664 3952 792 4035 Qui
822 3954 921 4019 hic
954 3953 1181 4019 dicitur
1210 3955 1347 4026 θεῖος
1380 3954 1556 4030 λόγος
1585 3954 1736 4039 quid
1761 3954 1931 4019 aliud
1961 3963 2052 4019 est
2076 3957 2195 4020 nisi
2219 3959 2530 4043 persuasio
2557 3982 2690 4024 non

662 4072 914 4137 rationis
961 4096 1075 4159 ope
1122 4072 1226 4137 sed
1274 4072 1481 4136 divino
1530 4072 1738 4137 afflatu
1785 4074 1961 4137 nobis
2010 4073 2259 4139 oblata?
2328 4076 2402 4140 In
2435 4076 2690 4143 Timaeo

665 4203 869 4257 autem
930 4193 1213 4258 audimus
1276 4192 1350 4256 de
1412 4192 1546 4257 Deo
1610 4195 1756 4256 haec
1820 4193 2157 4272 dicentem,
2209 4218 2267 4281 p.
2321 4199 2402 4260 28
2450 4196 2536 4260 E:
2585 4202 2690 4263 τὸν
