3025 5067
1293 436 1373 495 89

313 649 536 706 νεῦσαι.
617 641 787 705 Idem
836 640 1092 726 scriptor
1137 638 1565 703 animadvertit
1610 660 1747 702 cum
1782 637 1895 701 hoc
1934 636 2207 700 Platonis
2242 635 2330 699 di-

311 767 424 824 cto
472 782 628 844 quae
672 758 737 824 in
784 758 1056 844 epistolis
1110 758 1400 843 leguntur
1446 780 1659 842 parum
1696 756 2029 820 concinere.
2086 753 2327 835 Quodsi

309 876 650 961 quaeritur,
699 883 838 940 utra
881 876 1122 940 illarum
1165 874 1581 939 narrationum
1627 874 1900 938 Platonis
1944 895 2202 958 persona
2231 872 2323 935 di-

312 995 496 1080 gnior
541 995 794 1079 eiusque
839 994 1172 1059 sententiae
1218 992 1671 1057 convenientior
1708 992 1815 1070 sit,
1864 991 2167 1056 neminem
2197 991 2327 1054 fore

237 1092 248 1099 ὁ
321 1120 508 1198 puto,
572 1113 723 1197 quin
785 1112 850 1176 id
913 1112 1078 1196 quod
1137 1111 1504 1176 Plutarchus
1550 1111 1733 1175 refert
1786 1111 1861 1174 iis
1906 1132 2060 1194 quae
2104 1109 2171 1172 in
2215 1108 2329 1173 hac

324 1230 590 1316 epistola
633 1231 924 1317 leguntur
970 1231 1151 1315 longe
1198 1229 1690 1316 anteponendum
1734 1230 2055 1293 existimet.
2086 1229 2133 1313 ¹)

293 1343 328 1379 Q

411 1466 550 1532 Jam
596 1468 672 1532 ad
717 1469 960 1554 singula
1017 1468 1308 1553 quaedam
1375 1467 1776 1533 attendamus.
1868 1466 2129 1531 Initium
2173 1466 2327 1531 facio

313 1586 400 1651 ab
447 1586 724 1666 exordi0,
773 1586 940 1671 quod
983 1587 1074 1651 sic
1103 1609 1170 1651 se
1197 1586 1414 1651 habet:
1461 1584 1714 1652 Πλάτων
1746 1586 2014 1665 Διονυσίῳ
2042 1584 2332 1667 χαίρειν

315 1706 660 1777 ἐπιστείλας
677 1755 696 1789 ,
757 1699 847 1786 ἆρ’
905 1707 1068 1786 ὀρθῶς
1122 1703 1196 1770 ἂν
1239 1706 1598 1786 τυγχάνοιμι
1651 1713 1755 1780 τῆς
1798 1705 2120 1783 βελτίστης
2168 1728 2336 1785 προσ-

313 1825 565 1904 ρήσεως;
637 1825 669 1900 ἢ
728 1828 958 1903 μᾶλλον
1014 1824 1176 1889 κατὰ
1232 1826 1334 1899 τὴν
1401 1826 1547 1903 ἐμήν
1606 1800 1903 1900 συνηθείαν
1962 1824 2210 1906 γράφων
2254 1848 2282 1888 ε
2300 1820 2333 1888 ὖ

316 1941 699 2023 πράττειν,
733 1941 918 2023 ὥσπερ
948 1940 1116 2007 εἴωθα
1145 1944 1203 2007 ἐν
1229 1949 1362 2015 ταῖς
1393 1945 1729 2015 ἐπιστολαῖς
1764 1944 1896 2016 τοὺς
1925 1944 2134 2026 φίλους
2165 1966 2331 2024 προσ·

319 2062 616 2139 αγορεύειν
627 2086 646 2138 ;
709 2062 782 2126 σὺ
847 2062 954 2139 μὲν
1007 2062 1126 2141 γαρ
1184 2061 1250 2137 δὴ
1309 2059 1407 2127 καὶ
1466 2062 1565 2127 τὸν
1623 2060 1741 2127 θεὸν
1756 2114 1775 2138 ,
1828 2063 1902 2134 ὥς
1948 2061 2239 2140 ἤγγειλαν
2280 2062 2332 2125 οἱ

317 2178 462 2245 τότε
505 2182 826 2261 θεωροῦντες
843 2230 860 2265 ,
926 2188 1228 2260 προσεῖπες
1272 2184 1330 2247 ἐν
1374 2187 1639 2264 Δελφοῖς
1686 2183 1843 2263 αὐτῷ
1886 2182 2069 2263 τούτῳ
2113 2180 2329 2246 θωπεύ-

321 2322 439 2371 σας
483 2303 562 2380 τῷ
606 2301 820 2380 Ιὁήριατι
865 2299 964 2365 καὶ
1010 2300 1366 2383 γέγραφας,
1415 2303 1488 2372 ὦς
1532 2300 1722 2383 φασί,

555 2424 756 2501 Χαῖρε,
803 2417 902 2483 καὶ
950 2416 1210 2497 ἡδόμενον
1251 2419 1446 2498 βίοτον
1489 2418 1729 2500 διασωζε
1770 2418 2056 2499 τυράννου.

324 2536 445 2613 ἐγὼ
501 2536 559 2600 δὲ
617 2536 728 2602 οὐδ’
765 2536 1033 2617 ἀνθρώπῳ
1093 2538 1330 2614 κλήσει,
1390 2539 1476 2617 μὴ
1530 2537 1614 2605 ὅτι
1670 2537 1737 2613 δή
1792 2540 1893 2620 θεῷ
1908 2588 1927 2621 ,
1976 2552 2335 2619 παρακελευ-

319 2654 541 2733 σαίμην
584 2654 658 2720 ἂν
701 2656 833 2737 δρᾶν
876 2662 1044 2721 τοῦτο
1060 2705 1079 2735 ,
1133 2657 1235 2738 θεῷ’
1277 2657 1415 2741 μὲν,
1477 2653 1564 2723 ὅτι
1607 2656 1770 2739 παρὰ
1812 2656 1990 2738 Φύσιν
2034 2657 2326 2737 προστατ-

315 2776 472 2849 vota?
529 2772 602 2837 ἂν
661 2774 856 2857 (πόῤῥω
917 2773 1034 2855 γὰρ
1095 2774 1286 2850 ἡδονῆς
1342 2772 1567 2858 ἵδρυται
1625 2776 1723 2841 καὶ
1784 2776 1976 2849 λύπης
2020 2774 2087 2840 τὸ
2132 2771 2291 2860 θεῖον)
2307 2824 2327 2854 ,

323 2892 591 2973 ἀνθρώπῳ
634 2892 720 2975 δὲ,
769 2891 854 2957 ὅτι
899 2894 982 2958 τα
1027 2894 1225 2958 πολλοὶ
1268 2894 1515 2973 βλάβην
1560 2894 1723 2971 ἡδονὴ
1768 2894 1865 2958 καὶ
1911 2893 2069 2968 λύπη
2117 2900 2328 2978 γεννᾷ,

328 3008 649 3088 δυσμαθίαν
693 3012 791 3075 καὶ
837 3012 1012 3087 λήθην
1070 3013 1168 3076 καὶ
1233 3012 1557 3095 οἱφροσύνήν
1600 3012 1701 3078 καὶ
1752 3012 1911 3096 ὕβριν
1953 3014 2231 3078 τίκτουσα
2274 3016 2333 3078 ἐν

328 3138 403 3210 τῇ
463 3135 638 3210 ψυχῇ
657 3178 672 3195 .
735 3128 834 3193 καὶ
892 3136 1090 3195 ταῦτα
1147 3133 1254 3211 μὲν
1306 3128 1480 3203 οὕτως
1538 3132 1763 3211 εἰρήσθω
1824 3136 1960 3215 παρ’
2018 3134 2159 3209 ἐμοῦ
2204 3130 2329 3213 περὶ

327 3256 434 3324 τῆς
479 3248 852 3330 προσρήσεως.

418 3366 646 3453 Incipit
691 3390 728 3431 a
769 3367 1157 3432 salutatione.
1248 3368 1416 3433 Dicit
1461 3392 1526 3433 se
1584 3368 1763 3433 malle
1820 3390 1933 3433 suo
1979 3390 2143 3434 more
2189 3368 2333 3432 Dio-

328 3487 566 3573 nysium
615 3486 880 3571 alloqui,
943 3509 1067 3552 non
1111 3488 1294 3553 verbo
1337 3488 1590 3570 χαίρειν,
1638 3488 1744 3553 sed
1790 3488 1993 3573 potius
2038 3485 2101 3553 εὖ
2146 3488 2330 3569 προέτ-

327 3633 450 3673 τειν
463 3657 483 3689 ,
532 3606 699 3693 quod
743 3608 859 3693 ipsi
906 3607 1219 3671 decentius
1263 3607 1571 3688 videatur,
1620 3606 2124 3694 reprehenditque
2153 3606 2331 3671 illum

327 3724 497 3811 quod
541 3748 666 3789 non
709 3725 891 3790 modo
937 3726 1290 3805 familiares,
1338 3726 1444 3791 sed
1489 3726 1692 3812 ipsum
1736 3725 2103 3811 Delphicum
2149 3724 2333 3790 deum

323 3866 472 3909 voce
515 3845 740 3925 χαίρειν
785 3845 1068 3935 salutare·
1093 3868 1279 3910 ausus
1325 3852 1517 3924 esset3
1566 3845 1846 3911 videlicet
1888 3845 1955 3910 τὸ
1983 3846 2209 3926 χαίρειν
2240 3868 2333 3909 ae-

321 3986 446 4048 que
513 3962 859 4028 hominibus
920 3962 1280 4029 damnosum
1341 3972 1525 4049 atque
1585 3988 1621 4028 a
1679 3964 1794 4029 deo
1854 3964 2119 4029 alienum
2180 3986 2329 4028 esse.

397 4220 445 4281 l)
478 4220 613 4269 Idem
645 4198 980 4271 animadvertit
1013 4220 1341 4286 Wiegandius,
1375 4220 1426 4270 in
1459 4220 1621 4285 Symb.
1657 4220 1778 4271 crit.
1813 4220 1871 4271 de
1903 4220 2057 4286 Epist.
2092 4220 2161 4270 11.
2194 4236 2241 4285 p.
2281 4220 2328 4271 8.
