3025 5067
1247 427 1362 488 153

241 637 557 701 'monium
603 636 666 702 id
713 657 956 720 quoque
989 634 1182 711 valet,
1217 634 1382 719 quod
1402 683 1421 711 ,
1457 635 1693 698 vivente
1726 633 1931 696 adhuc
1968 633 2165 698 Dione
2177 676 2203 710 ,-
2232 634 2306 697 ab

273 754 548 819 inimicis
598 755 729 818 eius
776 777 983 818 rumor
1029 776 1274 838 sparsus
1321 761 1414 816 est
1459 755 1637 835 (teste
1690 751 2023 816 Plutarcho
2076 774 2127 814 e.
2164 754 2307 836 56),

277 895 459 951 eum,
509 896 701 958 quum
753 875 885 958 ipse
929 872 1056 937 filio
1103 872 1352 937 orbatus
1399 880 1590 949 esset,
1640 872 2091 957 Apollocratem
2109 923 2128 951 ,
2165 872 2309 935 Dio-

278 991 442 1076 nysii
517 993 770 1056 minoris
841 991 1040 1055 filium
1059 1041 1076 1070 ,
1141 998 1458 1055 strenuum
1519 990 1803 1076 juvenem
1822 1040 1841 1068 ,
1905 1012 2309 1054 successorem

277 1110 403 1175 sibi
429 1111 782 1175 destinasse.
834 1110 1249 1191 Quamobrem
1267 1160 1285 1188 ‚
1311 1111 1433 1174 nisi
1455 1111 1734 1196 scriptori
1756 1118 1962 1174 nost-ro
1988 1109 2117 1173 sine
2142 1110 2311 1194 justa

279 1253 470 1294 causa
509 1239 752 1315 turpem
795 1231 1100 1294 inscitiam
1138 1231 1441 1315 imputare
1469 1229 1752 1294 volumus
1771 1279 1790 1306 ‚
1825 1251 2066 1293 neccsse
2092 1237 2185 1292 est
2205 1227 2309 1291 hic

279 1349 546 1413 alterum
575 1348 992 1434 Hipparinum
1029 1348 1329 1432 intelligi,
1372 1348 1479 1432 qui
1515 1348 1677 1412 idem
1715 1347 1780 1411 in
1814 1346 2093 1432 Epistola
2115 1346 2308 1424 VIII,

279 1491 344 1552 p.
397 1469 524 1531 356
574 1469 667 1544 A,
717 1466 1114 1552 significatur.
1165 1465 1351 1546 Quod
1398 1467 1474 1530 do
1505 1474 1705 1531 aetate
1738 1467 1953 1531 Dionis
1990 1474 2052 1530 et
2082 1467 2314 1551 Hippa-

274 1586 401 1650 rini
448 1585 630 1662 dicit,
679 1585 860 1670 plane
906 1585 1205 1650 convenit.
1276 1583 1438 1648 Nam
1485 1585 1692 1670 primo
1740 1584 2013 1648 Platonis
2048 1584 2311 1649 adventu

277 1705 348 1766 in
411 1703 680 1768 Siciliam
742 1704 863 1768 Dio
928 1711 1053 1768 erat
1106 1704 1348 1788 juvenis
1403 1702 1624 1789 viginti
1677 1725 2011 1781 annorum3
2061 1703 2312 1767 eandem

278 1825 410 1887 fere
445 1833 705 1888 aetatem
733 1823 1018 1908 attigerat
1048 1823 1430 1909 Hipparinus
1450 1873 1469 1901 ,
1505 1823 1706 1887 occiso
1726 1822 1943 1886 Dione.
1977 1823 2023 1906 ι)
2072 1821 2311 1902 Quodsi

279 1942 386 2008 hic
463 1942 834 2027 intelligitur
847 1993 866 2020 ‚
931 1944 1302 2028 comparatio
1364 1945 1525 2008 inter
1590 1965 1729 2006 eum
1792 1951 1853 2007 et
1926 1942 2186 2007 Dionem
2247 1943 2311 2008 in

279 2063 402 2124 hoc
463 2061 666 2146 posita
721 2069 846 2126 est:
914 2062 1431 2146 quemadmodum
1479 2063 1639 2140 Dio,
1708 2085 1889 2146 quem
1935 2063 2178 2148 juvenis
2223 2084 2314 2125 os-

275 2180 481 2247 tendit
537 2180 844 2245 libertatis
907 2203 1170 2246 amorem
1185 2231 1204 2260 ,
1269 2181 1530 2246 eund-em
1593 2205 1833 2267 semper
1890 2181 2181 2259 retinuit,
2228 2182 2316 2246 ita

276 2321 522 2382 sperare
568 2298 713 2364 licet
758 2299 885 2362 fore
929 2305 1004 2362 ut
1048 2298 1426 2384 Hipparinus
1452 2322 1704 2385 quoque
1722 2350 1741 2379 ,
1779 2300 1947 2384 quod
1976 2322 2142 2364 nunc
2176 2300 2313 2364 ado-

274 2417 514 2482 lescens
560 2417 832 2481 ostendit
873 2417 1221 2502 ingenium,
1269 2417 1334 2483 id
1380 2441 1486 2503 per
1528 2419 1837 2502 reliquum
1876 2419 2035 2486 vitae
2060 2427 2301 2504 tempus

281 2543 506 2600 servet.
543 2537 591 2622 9¹)

373 2655 510 2720 Tali
563 2655 1064 2740 interpretatione
1117 2655 1171 2741 si
1215 2654 1554 2741 Epistolam
1600 2651 1730 2719 VII
1777 2656 1947 2741 turpi
1993 2679 2187 2720 errore
2244 2655 2316 2719 li-

278 2777 494 2840 berare
553 2775 733 2852 licet,
799 2774 963 2840 idem
1025 2781 1230 2839 tamen
1291 2775 1510 2838 vitium
1572 2775 1847 2840 inhaeret
1910 2775 1974 2839 in
2038 2774 2315 2861 Epistola

279 2893 468 2958 VIII.
561 2893 846 2978 Pingitur
905 2893 994 2957 ibi
1057 2893 1178 2957 Dio
1243 2893 1466 2957 amicos
1516 2916 1659 2957 suos
1708 2917 1780 2958 ex
1827 2894 2033 2957 inferis
2082 2893 2317 2978 alloqui

277 3034 509 3096 eosque
552 3011 784 3075 hortari
829 3019 901 3076 ut
945 3034 1148 3097 regem
1197 3013 1580 3077 constituant
1625 3018 1842 3092 πρῶτον
1889 3013 1994 3088 μὲν
2045 3015 2141 3078 τὸν
2180 3013 2317 3090 ἐμὸν

279 3133 499 3218 (ipsius
547 3131 789 3216 Dionis)
836 3131 980 3208 υἱὸν,
1028 3131 1286 3212 χαρίτων
1335 3128 1502 3198 ἕνεκα
1529 3131 1729 3197 διττῶν
1745 3180 1763 3209 ,
1790 3140 1894 3207 τῆς
1918 3156 1987 3196 τε
2010 3135 2150 3211 παρ’
2173 3133 2315 3210 ἐμοῦ

274 3379 412 3427 disse
454 3375 659 3424 dicitur:
695 3375 808 3426 εἶναι
837 3377 956 3426 αὐτὰ
995 3377 1044 3424 οὐ
1075 3377 1257 3432 Δίωνος,
1298 3377 1416 3424 ἀλλὰ
1447 3380 1549 3426 τοῦ
1582 3378 1711 3426 vido
1726 3396 1775 3437 ς,
1810 3374 1931 3430 ὄντος
1962 3376 2049 3438 μὲν
2078 3373 2316 3442 ἀδελφιδοῦ

279 3475 453 3528 αὐτοῦ,
480 3470 530 3519 h.
565 3487 606 3518 e.
642 3469 890 3533 Dionysii3
935 3472 982 3516 et
1017 3485 1062 3532 p.
1099 3466 1194 3520 347
1230 3469 1300 3516 D:
1337 3471 1415 3520 ὅτι
1449 3469 1502 3526 δή
1536 3488 1616 3533 μοι
1650 3471 1726 3519 καὶ
1760 3469 1972 3526 Διονύσιος
2004 3473 2200 3534 ἐμνήσθη
2234 3471 2313 3518 λύ-

277 3587 401 3630 γων,
458 3569 531 3617 ὅτι
581 3571 662 3624 τὴν
707 3567 920 3629 antonian·
967 3569 1051 3621 τῆς
1099 3565 1250 3620 οὐσίας
1301 3562 1412 3613 εἶναι
1465 3563 1558 3612 δέοι
1590 3564 1777 3628 Δίωνος,
1810 3567 1890 3621 τὴν
1923 3557 2187 3626 δ’ᾑμισεὶαν
2220 3567 2317 3614 τοῦ

279 3683 308 3712 υ
325 3665 468 3718 idos.

357 3758 406 3818 1)
443 3754 804 3806 Demonstravit
840 3755 931 3804 hoc
967 3751 1191 3802 Salomon
1225 3752 1277 3802 11.
1313 3768 1359 3816 p.
1397 3751 1488 3810 11,
1536 3752 1618 3815 qui
1652 3751 1709 3800 de
1743 3751 2010 3816 Hipparino
2044 3751 2167 3801 etde
2186 3752 2316 3801 omni

277 3851 633 3916 Dionysiorum
682 3850 862 3900 familia
905 3851 1124 3898 accurate
1169 3848 1409 3912 disputat,
1463 3863 1510 3911 p.
1548 3848 1710 3897 9-14
1744 3853 1793 3896 et
1828 3848 1887 3896 21
1926 3863 2027 3912 sqq.
2096 3848 2317 3898 Incertus

277 3954 450 4000 tamen
485 3947 678 4004 haeret,
717 3952 825 3996 uter
857 3944 1194 4008 intelligendus
1228 3944 1307 3992 sit.

356 4045 406 4106 2)
439 4043 583 4093 Hunc
617 4059 718 4092 esse
751 4057 939 4090 sensum
975 4040 1229 4090 ‘verborum
1264 4044 1326 4098 εἰς
1359 4043 1591 4100 τὴναύτὴν
1612 4039 1745 4098 δόξαν
1760 4039 2012 4108 ξὺμφωνον,
2031 4055 2173 4104 supra
2189 4039 2313 4090 indi-

277 4141 422 4198 cavi,
457 4155 506 4202 p.
539 4141 648 4188 45..
693 4136 833 4203 Quod
881 4136 924 4184 si
970 4139 1240 4200 reputasset
1273 4134 1525 4194 Salomon,
1560 4150 1681 4193 non,
1717 4133 1913 4197 opinor,
1947 4132 2160 4200 ineptam
2194 4134 2317 4186 hanc

279 4233 694 4301 comparationem
725 4231 1012 4295 judicasset,
1047 4245 1095 4294 p.
1133 4229 1210 4280 ll.
