3025 5067
1334 381 1444 441 17?

373 583 534 647 fama
595 585 744 660 niti,
811 607 934 669 qua
995 586 1215 649 sensim
1265 595 1570 648 crescente
1626 607 1719 648 res
1765 585 2135 670 pedetentim
2183 597 2391 650 auctas

371 713 434 766 et
479 703 873 788 amplificatas
917 704 982 768 ‘m
1031 704 1350 779 historiam
1394 725 1797 789 permanasse.

459 820 525 885 Si
583 831 788 888 tamen
839 829 1116 908 receptae
1161 821 1355 886 famae
1400 844 1527 886 non
1574 845 1813 888 omnem
1860 823 2159 908 denegare
2206 822 2387 887 fidem

367 939 654 1004 volumus
671 990 689 1018 ,
753 940 1146 1005 statuendum
1211 941 1358 1017 erit,
1423 940 1698 1005 Platonis
1745 943 2278 1006 commorationem
2324 942 2387 1004 in

365 1060 650 1144 Aegypto
695 1082 809 1124 nec
855 1068 980 1124 tam
1024 1060 1381 1124 diuturnam
1429 1059 1618 1122 fuisse
1664 1083 1775 1124 nec
1818 1069 2059 1125 tantum
2101 1061 2388 1125 habuisse

363 1177 443 1240 ad
502 1179 816 1263 ingenium
863 1181 994 1243 eius
1043 1187 1104 1242 et
1149 1179 1488 1243 doctrinam
1536 1179 1926 1244 excolendam
1978 1180 2267 1243 momenti
2315 1186 2386 1241 ut

365 1297 550 1380 vulgo
605 1299 904 1364 creditum
954 1307 1062 1362 est.
1097 1301 1142 1382 ¹)

453 1534 611 1600 Iter
656 1534 1011 1620 Cyrenen.
1085 1535 1290 1599 Huius
1337 1535 1571 1599 itineris
1620 1558 1655 1598 a
1701 1535 1912 1598 ceteris
1948 1535 2382 1618 scriptoribUS,

358 1655 630 1738 exceptis
693 1655 967 1738 Diogene
1031 1661 1091 1718 et
1151 1655 1414 1738 Apuleio
1479 1657 1686 1738 (supra
1747 1677 1807 1738 p.
1864 1656 2045 1737 165),
2096 1653 2269 1716 nulla
2316 1655 2385 1716 fit

355 1774 625 1850 menti0,
697 1773 864 1857 quod
933 1781 1138 1838 tamen
1201 1771 1276 1836 ad
1337 1773 1518 1836 fidem
1580 1773 1667 1836 rei
1713 1771 2193 1836 labefactandam
2258 1794 2381 1835 non

357 1892 538 1955 valet.
633 1891 846 1971 Quum
909 1893 1066 1956 enim
1129 1893 1312 1955 ceteri
1359 1898 1669 1968 auctoreS,
1719 1891 1967 1967 Cicero,
2016 1891 2383 1971 Quinctilia-

355 2033 510 2089 nne,
541 2014 586 2095 ςκ’)
641 2009 1152 2096 Olympiodoru3‚
1227 2033 1296 2074 ea
1356 2018 1597 2073 tantum
1644 2010 1863 2073 itinera
1908 2021 2383 2073 commemorent

351 2153 388 2192 e
450 2131 674 2214 quibus
735 2131 916 2194 Plato
976 2131 1308 2214 plurimum
1355 2129 1432 2192 ad
1481 2129 1930 2214 philosophiam
1988 2129 2369 2212 profecisset,

354 2248 432 2313 ad
495 2248 908 2333 Pythagoreos
959 2249 1019 2312 in
1083 2247 1321 2311 Italiam
1373 2255 1434 2310 et
1478 2247 1542 2310 in
1595 2249 1938 2331 Aegyptum
1989 2245 2065 2309 ad
2114 2245 2383 2310 sacerdo-

351 2375 445 2431 tes
495 2367 939 2445 consulendos,
988 2367 1166 2431 licuit
1211 2367 1286 2430 iis
1334 2365 1736 2451 Cyrenaicum
1784 2364 1939 2428 illud
1986 2365 2132 2442 iter,
2190 2387 2381 2448 aeque

353 2509 424 2550 ac
486 2487 882 2571 Megarense,
947 2495 1017 2550 ut
1077 2487 1328 2550 minoris
1391 2485 1683 2549 momenti
1730 2485 2028 2548 omittere.
2096 2483 2378 2548 Ceterum

357 2607 895 2670 commorationem
961 2606 1091 2670 eius
1155 2604 1424 2689 Cyrenae
1487 2626 1609 2668 non
1672 2602 2108 2688 sejungendam
2170 2626 2309 2684 esse·
2347 2625 2381 2664 a

351 2724 726 2808 profectione
787 2724 850 2788 in
910 2726 1295 2808 Aegyptum,
1359 2730 1431 2786 ut
1475 2721 1759 2786 Laertius
1806 2723 1986 2800 facit,
2042 2720 2375 2806 probabilis

353 2865 496 2906 sane
561 2851 651 2906 est
705 2843 1136 2927 plerorumque
1183 2843 1409 2927 opinio.
1505 2843 1713 2925 Atque
1760 2841 1936 2905 ambo
1984 2842 2204 2905 itinera
2252 2848 2377 2904 tam

353 2969 515 3025 arcte
563 2960 882 3024 cohaerere
927 2961 1216 3024 videntur
1235 3009 1253 3038 ,
1287 2969 1387 3038 ut,
1422 2959 1783 3044 Aegyptiaci
1814 2959 1932 3022 fide
1962 2958 2265 3036 stabilita,
2301 2958 2375 3022 de

351 3077 682 3162 Cyrenaico
727 3099 851 3141 non
898 3100 1264 3162 magnopere
1312 3077 1719 3142 dubitandum
1755 3077 1853 3141 sit.
1949 3075 2135 3156 Quod
2168 3085 2374 3140 autem

350 3196 636 3260 nonnulli
701 3197 1065 3281 opinantur,
1109 3197 1425 3262 Platonem
1461 3197 1733 3282 Cyrenen
1769 3197 2019 3281 petiisse
2056 3204 2124 3260 ut
2156 3219 2191 3259 a
2222 3196 2375 3258 The-

349 3315 538 3378 odoro
607 3315 1001 3399 geometriam
1059 3314 1348 3391 disceret,
1420 3314 1560 3398 plus
1624 3315 1768 3378 huic
1825 3314 2029 3378 itineri
2090 3313 2374 3377 tribuunt

347 3433 641 3496 momenti
706 3454 888 3516 quam
951 3455 1214 3516 aequum
1277 3440 1402 3497 est:
1467 3454 1591 3496 non
1640 3433 1800 3496 enim
1846 3431 2167 3507 credibile,
2232 3454 2373 3514 geo-

413 3689 464 3750 1)
499 3689 723 3738 Ceterum
761 3689 886 3738 lectu
923 3689 1066 3754 digna
1099 3694 1212 3738 suut
1246 3707 1370 3754 quae
1401 3691 1459 3739 de
1495 3690 1585 3739 hoc
1619 3689 1791 3740 itinere
1824 3689 2016 3738 disserit
2034 3689 2297 3739 Hermann.
2318 3689 2371 3749 11,

341 3800 390 3848 p.
427 3784 642 3832 51—58.

411 3879 460 3940 2)
503 3878 859 3944 quinctilianus
905 3879 964 3929 de
1011 3879 1277 3944 Megarensi
1329 3883 1377 3928 et
1423 3880 1684 3944 Cyrenaico
1730 3879 1903 3928 itinere
1950 3879 2067 3928 nihil
2112 3879 2373 3943 quidquam

343 3978 605 4032 memorat3
653 3991 797 4039 quare
844 3991 1010 4039 parum
1059 3981 1276 4024 accurate
1324 3975 1598 4039 Ucberweg'
1627 3976 1659 4024 l.
1711 3975 1742 4025 l.
1778 3975 1847 4023 sic
1879 3975 2125 4038 loquitur,
2161 3991 2209 4038 p.
2250 3975 2341 4027 127
2359 3996 2370 4022 ε

345 4071 604 4136 „Dagegen
649 4069 765 4118 liisst
811 4070 1105 4134 Quinctilium
1151 4069 1394 4120 Innt.*0r.
1432 4071 1484 4129 1,
1524 4070 1613 4128 12,
1651 4071 1747 4118 und
1782 4071 1953 4119 ebenso
1990 4071 2222 4134 Diogenes
2259 4071 2361 4127 111,

345 4166 407 4222 6,
444 4164 520 4213 die
555 4168 680 4214 erste
716 4165 854 4213 Reise
891 4182 980 4213 von
1023 4167 1211 4227 Megara
1246 4181 1330 4212 aus
1365 4165 1486 4212 nach
1524 4164 1707 4228 Cyrene
1742 4165 1976 4227 gerichtet
2011 4165 2162 4214 sein.''

2054 4264 2126 4319 12
