3025 5067
1215 384 1336 444 191

249 585 456 670 ἕτερα.
528 591 614 652 Α1
658 589 992 673 generatim
1005 638 1026 666 ,
1073 595 1146 652 ut
1189 611 1226 651 a
1268 594 1479 652 nostro
1494 637 1513 665 ‚
1560 589 1642 653 τα
1668 588 1917 663 αἰσθητοὶ
1962 611 2001 652 a
2026 587 2285 652 Platone

253 707 384 771 hoc
432 707 728 772 vocabulo
775 730 899 770 non
946 707 1362 792 designantur.

357 827 426 890 Si
475 850 616 892 vero
654 828 858 912 ipsum
890 827 1263 892 attendimus
1295 827 1718 905 enuntiatum,
1749 827 1859 906 „in
1886 826 2171 891 omnibus
2200 847 2288 890 re-

257 944 386 1010 bus
441 968 571 1009 esse
614 946 735 1009 tria
764 969 872 1030 per
917 969 1072 1030 quae
1119 954 1600 1030 cognoscantur,
1647 968 1847 1009 nomen
1862 995 1881 1024 ,
1906 944 2287 1029 dffinitionem

257 1071 329 1128 et
349 1067 615 1147 fiquram
629 1064 693 1142 ,³³
745 1063 1062 1128 fatendum
1115 1065 1217 1128 hic
1261 1063 1583 1128 dissimilia
1612 1063 1905 1148 copulari.
1975 1061 2286 1126 Nimirum

255 1183 446 1249 ὄνομα
492 1191 554 1248 61
596 1184 772 1260 λόγος
819 1183 895 1248 ab
942 1184 1293 1249 hominibus
1339 1207 1449 1269 pro
1497 1184 1747 1248 arbitrio
1777 1183 1959 1248 rebus
2000 1183 2287 1266 imposita

259 1309 468 1366 suntz·
506 1325 650 1366 nam
709 1302 868 1366 nihil
928 1309 1127 1379 vetat,
1187 1312 1260 1366 ut
1319 1303 1504 1380 dicit,
1568 1305 1648 1367 τοὶ
1698 1309 1801 1394 ,νῦν
1856 1301 2290 1380 στρογγύλα

259 1421 609 1498 καλούμενα
655 1421 864 1486 εὐθέα
906 1421 1216 1494 κεκλῆσθαι
1261 1422 1344 1485 τὰ
1387 1424 1443 1484 τ’
1475 1421 1681 1485 εὐθέα
1728 1421 1794 1495 δη
1828 1421 2287 1501 στρογγύλας

260 1539 498 1604 εἴδωλον
544 1562 686 1603 vero
733 1519 832 1602 est·
872 1540 1066 1603 forma
1111 1539 1258 1624 ipsis
1318 1539 1500 1603 rebus
1532 1539 1808 1624 propria,
1842 1561 2025 1624 quam
2055 1546 2291 1602 mutare

262 1658 550 1722 homines
596 1666 931 1741 nequeunt.
995 1658 1314 1722 Praeterea
1361 1657 1540 1734 ὄνομα
1586 1665 1648 1721 61
1682 1658 1856 1734 λόγος
1898 1666 2045 1721 sunt
2075 1679 2293 1742 cogno-

264 1776 484 1839 scendi
537 1777 1047 1853 instrumentum,
1111 1775 1347 1840 εἵδωλον
1409 1747 1561 1840 11610ι
1616 1784 1708 1839 est
1762 1798 1899 1860 pars
1946 1775 2077 1840 eius
2124 1774 2291 1860 quod

264 1895 764 1978 cognoscendum
798 1902 908 1959 est.
956 1894 1136 1958 Falso
1168 1902 1371 1959 autem
1404 1894 1554 1958 dicit
1584 1895 1809 1976 ἑκάστῳ
1838 1901 1949 1958 τῶν
1970 1893 2139 1959 ὄντων
2162 1915 2292 1958 esse

265 2012 536 2079 εἴδωλονε
585 2037 730 2079 nam
773 2014 1050 2098 loquitur
1095 2036 1218 2078 non
1263 2020 1504 2078 tantum
1546 2014 1621 2076 de
1651 2013 1832 2078 rebus
1864 2013 2254 2078 sensibilibus
2272 2062 2290 2091 ‚

269 2131 421 2210 sed,
484 2139 556 2196 ut
615 2133 748 2218 ipse
793 2132 944 2196 dicit
964 2181 978 2208 ,
1027 2133 1150 2212 περὶ
1197 2135 1256 2196 τ’
1276 2133 1456 2205 εὐθέος
1501 2131 1601 2196 καὶ
1658 2138 2023 2212 περιφεροῦς,
2069 2133 2193 2213 περὶ
2237 2129 2291 2197 τ’

265 2252 506 2327 ἀγαθοῦ
572 2254 671 2314 καὶ
733 2257 916 2316 κακοῦ
977 2251 1075 2314 καὶ
1144 2251 1358 2314 δικαίου
1384 2301 1399 2316 .
1430 2300 1445 2315 .
1475 2302 1488 2316 .
1520 2301 1535 2316 .
1596 2250 1696 2314 καὶ
1758 2249 1892 2332 ζῴου
1954 2248 2292 2327 ξύμπαντος

268 2371 401 2450 πέρι
435 2371 546 2434 ,καὶ
593 2373 651 2434 ἐν
699 2375 935 2450 ψυχαῖς
983 2370 1160 2444 ἤθους.
1255 2367 1425 2432 Num
1473 2377 1678 2433 autem
1726 2369 2002 2454 justitiae
2017 2418 2036 2447 ,
2070 2369 2289 2447 animi,

268 2488 524 2551 virtutis
571 2494 718 2550 sunt
763 2486 1012 2564 εἴδωλα,
1061 2487 1291 2572 species
1337 2487 1450 2552 sub
1498 2488 1709 2552 oculos
1756 2487 2084 2552 cadentes?

371 2608 428 2669 A
495 2605 692 2671 tribus
755 2606 849 2669 his
913 2607 1248 2670 secernitur
1307 2607 1372 2671 τὸ
1427 2605 1483 2670 ὃν
1499 2655 1515 2682 ,
1579 2606 1605 2670 ὃ
1670 2607 1735 2681 δὴ
1779 2607 2036 2683 γνωστόν
2080 2631 2147 2671 τε
2192 2607 2291 2671 καὶ

270 2725 487 2799 ἀληθές
536 2727 722 2807 ἐστιν,
772 2725 812 2788 1.
861 2747 912 2788 6.
955 2728 988 2800 ή
1021 2725 1219 2800 οὐσία,
1255 2746 1406 2808 quas
1437 2724 1605 2788 ideas
1638 2725 1905 2810 appellat
1935 2724 2113 2788 Plato
2124 2751 2142 2802 3
2177 2724 2292 2788 hoc

274 2845 498 2928 quinto
561 2843 696 2906 loco
764 2845 940 2928 ponit
999 2852 1060 2908 et
1120 2845 1185 2908 in
1241 2844 1637 2928 sequentibus
1684 2845 1868 2909 etiam
1912 2845 1978 2910 τὸ
2024 2844 2321 2922 πέμπτον.

274 2962 576 3026 nominat.
648 2961 835 3041 Quod
880 2970 1083 3027 autem
1131 2970 1417 3046 quartum
1466 2963 1641 3047 ponit
1656 3013 1674 3040 ,
1723 2963 1925 3026 medio
1969 2963 2104 3026 loco
2135 2964 2295 3026 inter

277 3082 482 3166 priora
543 3083 661 3145 tria
708 3089 769 3145 et
814 3082 1101 3164 quintum
1147 3082 1214 3146 τὸ
1259 3081 1352 3157 ὅν,
1399 3104 1618 3166 nempe
1662 3084 1767 3156 την
1812 3083 2170 3164 ἐπιστήμην,
2219 3081 2295 3145 116

274 3201 398 3262 1106
441 3201 530 3262 ita
575 3199 827 3263 confuse
872 3200 1179 3284 loquitur,
1237 3207 1307 3264 ut
1357 3201 1592 3264 nescias
1624 3200 1774 3285 quid
1799 3222 1870 3264 eo
1894 3199 2291 3285 intelligatur.

277 3317 556 3381 Primum
605 3317 788 3396 111611,
837 3341 944 3402 per
988 3319 1105 3382 tria
1140 3318 1245 3382 illa
1287 3341 1442 3402 quae
1472 3319 1656 3382 modo
1687 3318 1853 3382 dicta
1882 3326 2028 3382 sunt
2056 3320 2294 3395 ἐπιστή-

277 3462 397 3515 μην
443 3437 634 3514 6111615
682 3444 817 3500 tum
862 3438 1186 3515 ἐπιστήμην
1239 3436 1399 3501 1116111
1445 3460 1576 3501 esse
1607 3445 1791 3520 atque
1836 3443 1959 3503 νοῦν
2008 3445 2068 3502 61
2112 3441 2296 3513 ἀληθῆ

281 3555 488 3634 δόξαν,
537 3547 730 3639 eaque
775 3577 899 3618 11011
944 3555 1010 3618 111
1065 3555 1262 3620 verbis
1316 3564 1376 3619 et
1421 3555 1633 3640 figuris
1649 3605 1667 3634 ‚
1717 3556 1780 3619 h.
1827 3579 1877 3620 e.
1927 3556 1992 3620 in
2037 3558 2293 3634 nomine,

281 3674 612 3759 definitione
672 3681 732 3738 et
784 3674 1007 3760 qffiyie‚
1077 3674 1182 3738 sed
1234 3674 1300 3737 in
1355 3674 1571 3737 animis
1626 3673 1823 3759 posita
1883 3697 2010 3739 esse
2072 3677 2195 3758 (οὐκ
2240 3677 2298 3739 ἐν

281 3801 510 3876 φωναῖς
578 3793 691 3857 οὐδ’
743 3795 800 3856 ἐν
852 3792 1138 3869 σωμάτων
1188 3795 1495 3873 σχήμασιν
1549 3795 1691 3857 ἀλλ’
1737 3795 1794 3856 ἐν
1841 3799 2078 3873 ψυχαῖς
2125 3793 2299 3878 ἐνόν),

284 3920 471 3995 atque
532 3911 858 3988 ἐπιστήμην
920 3917 980 3973 61
1044 3917 1169 3976 νοῦν
1229 3911 1499 3996 proxime
1561 3916 1822 3994 cognata
1866 3933 1994 3976 esse
2038 3916 2119 3994 τῷ
2162 3912 2297 3977 ὄντι.

285 4030 507 4092 Postea
551 4051 764 4092 rursus
808 4029 890 4092 τα
935 4028 1220 4108 τέτταρα,
1267 4029 1326 4092 11.
1376 4051 1426 4092 6.
1473 4027 1655 4105 ὄνομα
1672 4078 1690 4111 ,
1732 4028 1942 4107 λόγον,
1974 4030 2207 4096 εἴδωλον
2238 4037 2299 4094 61

283 4147 648 4224 ἐπιστήμην,
697 4145 952 4229 opponit
994 4147 1075 4226 τῷ
1122 4146 1404 4227 πέμπτῳ,
1451 4168 1715 4230 quorum
1759 4146 1867 4210 illa
1911 4148 2078 4212 fluxa
2115 4156 2176 4212 61
2209 4149 2298 4212 in·
