3025 5067
1652 432 1775 495 162

694 641 875 704 datur
919 641 1062 724 (vid.
1107 662 1290 725 supra
1327 662 1386 724 p.
1434 641 1585 723 129)
1603 688 1622 717 ,
1665 646 1927 723 utroque
1963 645 2235 725 tempore
2258 639 2710 726 Speusippum,

693 761 800 844 qui
849 759 1168 824 Platonem
1219 759 1284 822 in
1329 756 1601 822 Siciliam
1648 759 1973 822 comitatus
2022 767 2183 837 erat,
2232 759 2493 823 Athenis
2523 760 2715 823 fuisse

691 878 896 962 ibique
958 877 1174 941 Dionis
1233 876 1649 940 familiaritate
1710 899 1894 941 usum
1959 899 2089 941 esse
2151 901 2183 942 e
2235 878 2565 943 Plutarcho
2626 877 2716 942 di-

693 997 951 1074 scimuS,
999 995 1181 1060 Dion.
1241 1017 1306 1058 c.1
1346 997 1422 1060 17
1477 1003 1539 1058 et
1586 997 1691 1058 22.
1748 994 1955 1074 Quare
1999 996 2217 1059 merito
2263 997 2380 1060 hoc
2426 996 2586 1060 inter
2631 1021 2715 1061 νο-

691 1116 842 1186 θείας
910 1115 1135 1179 indicia
1201 1114 1386 1178 habet
1457 1113 1837 1198 Wiegandus
1901 1114 1987 1198 (in
2048 1115 2155 1179 lib.
2205 1138 2391 1200 supra
2428 1116 2595 1180 laud.
2648 1140 2709 1201 p.

693 1235 835 1318 30),
901 1240 1209 1297 auctorem
1257 1239 1500 1296 secutus
1552 1231 1638 1295 M.
1694 1233 1767 1295 A.
1834 1231 2114 1310 Fischer,
2170 1233 2335 1298 Diss‚
2390 1234 2466 1297 de
2520 1233 2713 1320 Speu-

693 1353 852 1438 sippi
895 1352 1019 1415 vita
1065 1362 1125 1415 et
1170 1351 1427 1436 scriptia.
1516 1350 1767 1414 Rastad.
1822 1353 2013 1415 1845.
2200 1360 2206 1366 “

782 1470 859 1534 In
918 1471 1195 1556 Epistola
1253 1469 1454 1547 XIII,
1520 1493 1580 1554 p.
1646 1472 1773 1533 361
1824 1469 1905 1549 C,
1965 1472 2219 1535 mentio'
2248 1472 2318 1535 fit
2364 1471 2439 1535 de
2485 1493 2711 1535 corona

693 1591 936 1655 Platoni
981 1591 1218 1672 oblata,
1269 1589 1374 1652 sed
1407 1589 1480 1654 ab
1516 1611 1585 1652 eo
1620 1596 1853 1673 spreta:
1904 1591 2013 1654 εἰσ-ί
2060 1615 2155 1667 μοι
2178 1591 2497 1670 ἀδελφιδῶν
2524 1593 2707 1668 θυγα-

692 1710 846 1790 τέρες
899 1715 1009 1774 τῶν
1054 1710 1447 1774 ἀποθανουσῶν
1507 1707 1623 1772 τόθ’
1669 1707 1751 1772 ὅτ’
1798 1709 1913 1784 ἐγὼ
1958 1711 2059 1772 οὐκ
2104 1709 2545 1791 ἐστεφανούμην
2561 1759 2578 1791 ,
2632 1710 2707 1773 σύ

693 1828 843 1911 (scil.
906 1827 1260 1910 Dionysius)
1321 1826 1367 1889 δ’
1408 1826 1665 1897 ἐκέλευες
1676 1875 1695 1904 ,
1756 1825 1817 1889 11.
1877 1848 1929 1890 e.
1978 1849 2041 1890 eo
2086 1849 2237 1891 anno
2281 1849 2392 1910 quo
2438 1828 2709 1890 coronari

691 1969 778 2009 me
832 1969 942 2010 non
984 1967 1202 2028 passus
1252 1967 1378 2009 sum
1396 1995 1412 2026 ,
1477 1946 1589 2008 etsi
1650 1951 1717 2008 tu
1772 1947 2115 2008 hortabaris.
2208 1945 2429 2009 Mortis
2475 1945 2710 2032 puella-

692 2087 827 2128 rum
859 2072 1098 2148 tempus
1130 2064 1434 2148 designat,
1473 2086 1600 2127 non
1631 2065 1760 2128 sine
1784 2064 2133 2141 ambitione,
2161 2064 2366 2128 oblato
2390 2065 2509 2148 ipsi
2534 2086 2704 2149 prae-

693 2183 815 2246 mio
831 2209 850 2260 ;
921 2182 1097 2266 quale
1145 2189 1348 2245 autem
1395 2181 1457 2245 id
1503 2182 1689 2245 fuerit
1733 2204 1858 2245 non
1905 2181 2077 2245 addit
2092 2209 2111 2259 3
2161 2181 2267 2245 sed
2314 2183 2438 2244 sive
2483 2182 2707 2244 intelli—

695 2307 876 2385 gatur
919 2323 1138 2365 corona
1183 2301 1372 2364 civica
1416 2302 1541 2365 sive
1585 2301 1867 2365 militaris
1916 2302 2040 2364 sive
2069 2300 2340 2378 ludicra,
2376 2301 2427 2363 si
2456 2300 2703 2362 Platoni

692 2420 832 2484 talis
881 2420 1074 2484 honor
1119 2420 1504 2503 contigisset,
1538 2419 1604 2482 id
1635 2427 1791 2484 certe
1822 2421 1981 2484 vitae
2012 2422 2141 2483 eius
2174 2428 2545 2483 enarratores
2576 2441 2703 2482 non

695 2537 934 2600 silentio
998 2537 1462 2621 praeteriissent.
1557 2537 1765 2617 Quare
1820 2538 2067 2615 meritc,
2126 2538 2371 2621 opinor,
2422 2546 2493 2600 ut
2544 2559 2705 2600 com-

692 2655 1046 2719 menticium
1091 2662 1342 2718 notatur
1403 2655 1478 2720 ab
1541 2656 1716 2719 Astio
1732 2705 1749 2734 ,
1799 2656 2070 2719 Platon's
2116 2655 2263 2719 Leb.
2312 2679 2373 2719 u.
2422 2655 2589 2718 Schr.
2642 2679 2700 2740 p.

697 2775 843 2837 529.
937 2772 1056 2836 Sed
1101 2773 1249 2837 haec
1312 2774 1649 2851 hactenus;
1712 2795 1875 2838 nunc
1936 2773 2244 2858 paulisper
2304 2773 2380 2837 ad
2425 2773 2701 2837 Platonis

691 2891 909 2954 itinera
951 2899 1338 2956 revertamur.
