3025 5067
1281 422 1360 483 73

287 624 384 700 οἷς
433 628 744 703 ξυνέπεται
789 634 900 693 τῶν
946 626 1316 709 πραγμάτων
1361 627 1751 709 ἀνοσιουργία,
1800 628 1977 692 κακὸν
2020 625 2208 702 ἡλίκον
2231 624 2323 688 ἀεὶ

266 752 441 825 ’μετ’
477 748 836 825 ἀδικήματος
881 746 1126 813 ἑκάστου
1141 798 1160 823 ,
1195 744 1260 822 ἣν
1288 748 1614 823 αναγκαῖον
1644 748 1740 826 τῷ,
1754 745 2091 820 ἀδικήσαντι
2115 750 2325 826 συνεφ-

293 865 494 930 έλκειν
551 868 651 931 ἐπί
706 890 775 930 τε
834 876 916 949 γῇ
976 866 1344 949 στρεφομένῳ
1387 865 1486 929 καὶ
1536 864 1647 929 ὑπὸ
1691 873 1801 956 γῆρ
1850 864 2187 939 νοστήσαντι
2229 886 2329 927 πο·

289 984 461 1063 ρείαν
509 984 719 1063 ἄτιμόν
763 1008 830 1049 τε
875 982 975 1048 καὶ
1021 984 1214 1049 ἄθλιον
1259 985 1492 1055 ποὶντως
1540 992 1851 1065 πανταχῆ.

397 1100 636 1167 Locum
695 1104 860 1168 hunc
923 1126 1050 1167 esse
1104 1126 1376 1188 pannum
1421 1104 1580 1167 male
1627 1102 1915 1167 adsutum
1962 1102 2182 1187 cuique
2228 1124 2327 1187 ap-

293 1221 580 1305 parebit,
630 1223 739 1305 qui
773 1222 992 1287 seriem
1023 1222 1467 1307 cogitationum
1497 1222 1845 1287 attenderit.
1908 1220 2287 1305 „Dionysius
2305 1270 2325 1299 ‚

295 1340 468 1404 dixit
485 1390 503 1419 ‚
568 1341 831 1426 turpiter
889 1342 1040 1405 vivit
1054 1391 1072 1420 ‚
1147 1342 1268 1405 Dio
1327 1342 1539 1427 pulcre
1598 1348 1879 1406 mortuus
1926 1352 2019 1405 est-
2032 1390 2051 1418 ,
2101 1339 2329 1425 quippe

297 1460 569 1523 honesta
611 1460 806 1524 facere
849 1460 1167 1525 studen8.’'
1257 1459 1374 1524 His
1421 1467 1833 1525 annectuntur
1879 1460 2195 1543 sequentia
2223 1442 2331 1543 per

295 1577 676 1664 particulam
699 1580 818 1659 γαρ
849 1579 1004 1663 (οὔτε
1033 1579 1152 1660 γαρ
1184 1578 1444 1662 πέφυκεν
1466 1578 1813 1663 ἀθάνατος),
1843 1579 2019 1662 quasi
2042 1600 2132 1654 eo,
2160 1574 2329 1661 quod

300 1696 622 1788 improbos
671 1705 808 1784 post
860 1705 1113 1762 mortem
1161 1698 1460 1783 supplicia
1503 1703 1780 1775 manent,
1830 1697 2122 1782 probetur
2168 1702 2331 1759 ante-

303 1815 534 1879 cedens
550 1865 568 1894 ‚
615 1815 879 1880 Dionem
923 1816 1136 1901 pulcre
1179 1822 1492 1881 mortuum
1542 1838 1690 1881 esse.
1762 1814 1840 1879 In
1885 1815 1959 1879 iis
1998 1837 2139 1879 vero
2172 1834 2329 1898 quae

211 2012 218 2021 ·
303 1933 564 2019 subjicit
609 1934 684 1999 de
730 1936 1061 2000 inferorum
1106 1936 1318 2021 poenis
1333 1987 1353 2013 ‚
1401 1934 1719 2000 manifeste
1762 1934 2037 1999 Platonis
2068 1934 2330 1997 imitato-

304 2075 445 2117 rem
491 2076 554 2117 se
599 2054 885 2119 ostendit.
934 2053 1096 2119 Nam
1141 2077 1267 2119 non
1313 2054 1512 2117 solum
1558 2054 1763 2118 omnia
1805 2076 1875 2117 ea
1904 2075 2059 2137 quae
2100 2052 2176 2115 de
2208 2051 2331 2115 ani-

307 2194 556 2237 marum
615 2172 964 2238 'conditione
1025 2180 1165 2259 post
1225 2179 1482 2237 mortem
1497 2223 1518 2252 ‚
1576 2172 1651 2236 de
1690 2171 1923 2258 judicio
1969 2172 2033 2235 in
2086 2171 2294 2235 inferis
2310 2220 2328 2249 ‚

309 2292 394 2355 de
441 2292 718 2356 bonorun
763 2293 1045 2377 praemiis
1092 2292 1244 2357 dicit
1257 2342 1277 2371 ‚
1311 2316 1344 2357 e
1374 2292 1649 2357 Platonis
1682 2291 1940 2376 dialogis
1956 2340 1975 2369 ,
2008 2290 2331 2376 praecipue

311 2412 580 2497 Gorgia,
629 2414 991 2478 concinnata
1036 2424 1183 2478 sunt
1197 2464 1216 2491 ,
1267 2412 1370 2477 sed
1419 2413 1603 2477 etiam
1646 2435 1815 2477 more
1860 2412 2135 2475 Platonis
2174 2410 2331 2474 hanc

312 2530 798 2615 disputationem
840 2532 1148 2595 connectit
1179 2553 1317 2595 cum
1349 2538 1626 2603 παλαιοῖς
1655 2530 1851 2607 λόγοις
1882 2536 1944 2593 et
1972 2528 2329 2611 ἀπορρήτοις,

311 2656 392 2713 ut
434 2649 500 2713 in
547 2647 774 2713 Phaed.
823 2674 882 2736 p.
937 2652 1015 2714 70
1065 2649 1150 2713 G:
1200 2650 1455 2722 παλαιός
1509 2650 1638 2715 ἐστι’
1678 2674 1767 2721 τις
1812 2648 1986 2725 λόγος
2031 2644 2223 2722 οὗτος,
2268 2643 2333 2712 οὖ

315 2768 668 2847 μεμνήμεθα
714 2767 834 2832 κτὲ.
883 2768 959 2831 cf.
1006 2766 1154 2833 ibid.
1204 2791 1263 2852 p.
1316 2770 1396 2830 62
1445 2768 1533 2832 B-
1613 2766 1771 2831 Tum
1818 2766 1983 2850 quod
2029 2765 2331 2842 inculcat,

318 2910 450 2951 esse
494 2887 851 2967 σμικρότερον
897 2887 1073 2952 κακὸν
1118 2886 1378 2966 πάσχειν
1434 2887 1466 2962 ἢ
1515 2886 1721 2967 δρᾶσαι
1766 2884 1941 2951 ἄδικα
1959 2938 1977 2961 ,
2025 2884 2185 2949 idem
2234 2883 2337 2947 do-

318 3014 493 3071 cetur
539 3028 574 3069 a
619 3006 908 3083 Platone,
959 3012 1022 3069 at
1065 3028 1192 3069 non
1239 3027 1370 3069 eam
1417 3005 1494 3069 ob
1542 3027 1787 3069 causam
1804 3053 1823 3081 ‚
1873 3026 2055 3087 quam
2105 3003 2203 3066 hic
2252 3002 2337 3065 di-

320 3124 404 3187 cit
421 3174 441 3201 ,
491 3122 654 3207 quod
701 3146 918 3209 nempe
957 3122 1196 3208 judices
1241 3124 1304 3186 in
1345 3122 1553 3186 inferis
1586 3123 1811 3207 injuste
1841 3121 2001 3185 facta
2030 3120 2332 3207 puniunt,

320 3242 428 3307 sed
475 3242 644 3326 quod
686 3242 992 3328 injustitia.
1034 3242 1168 3327 ipsa
1213 3241 1414 3305 animo
1461 3240 1744 3305 morbum
1790 3247 1851 3303 et
1893 3240 2218 3325 perniciem
2253 3240 2335 3304 af-

321 3361 458 3425 fert.
508 3360 652 3425 Vid.
701 3359 880 3424 Plato
928 3360 1005 3425 de
1051 3359 1202 3445 Rep.
1250 3360 1319 3438 I,
1369 3382 1427 3444 p.
1481 3361 1632 3423 345.
1681 3357 1777 3435 X,
1826 3380 1885 3443 p.
1923 3360 2070 3422 610.
2104 3356 2337 3421 Criton.

321 3504 382 3567 p.
433 3483 515 3546 47
565 3479 644 3544 D.

413 3598 825 3663 Attendamus
871 3620 1012 3662 vero
1059 3598 1318 3681 singula.
1411 3598 1688 3662 Primum
1734 3597 2119 3662 enuntiatum
2164 3595 2340 3659 κακὸν

321 3719 442 3811 γαρ
480 3718 580 3782 καὶ
619 3717 842 3796 ἀγαθὸν
879 3719 1000 3783 κτὲ.
1027 3717 1353 3781 obscurum
1379 3724 1489 3780 est.
1530 3715 1749 3780 Voluit
1770 3714 1968 3779 dicere
1991 3714 2140 3777 hoc:
2166 3714 2341 3779 κακὸν

325 3836 431 3902 καὶ
475 3836 699 3914 οὲγαθὸν
744 3837 896 3901 οὐδὲν
943 3835 1120 3913 λόγου
1167 3834 1326 3912 ἄξιόν
1370 3836 1525 3899 ἐστιν
1580 3836 1722 3898 ἀλλ’
1767 3835 1801 3909 ἢ
1858 3844 1932 3916 τῇ
1965 3840 2140 3913 ψυχῇ
2156 3881 2176 3911 ,
2214 3833 2341 3896 nul-

320 4122 650 4184 περαινομένην
692 4132 731 4164 ε.
791 4121 1054 4179 γιγνομένην
1096 4123 1164 4179 τῷ
1210 4114 1306 4175 (διὰ
1349 4119 1445 4171 τοῦ)
1492 4117 1561 4177 μὴ
1607 4114 1915 4175 πίμπλασθαι.
1984 4111 2025 4159 Ε
2070 4110 2342 4173 conjectura

322 4212 495 4278 scripsi
527 4218 583 4264 τὸ
603 4218 672 4278 μὴ
705 4214 878 4277 πίμπλ.
913 4211 1038 4260 unde
1075 4209 1288 4259 nascitur
1321 4207 1615 4257 constructio
1652 4222 1793 4274 quam
1826 4206 1951 4255 infra
1982 4206 2119 4256 dabo·
