3025 5067
1333 380 1456 439 183

1118 737 1228 798 De
1293 736 1667 798 scientia.

469 1001 546 1065 In
595 1001 868 1085 qualibet
898 1025 962 1064 re
1001 1002 1120 1063 tria
1149 1011 1295 1064 sunt
1311 1050 1330 1077 ,
1365 1023 1472 1085 per
1503 1022 1659 1084 quae
1689 1023 1933 1064 necesse
1965 1006 2057 1063 est
2088 999 2401 1063 scientiam

321 1169 334 1180 .
379 1119 610 1204 parari:
662 1129 950 1202 quartum
999 1129 1090 1182 est
1135 1119 1268 1203 ipsa
1310 1119 1658 1204 [scientia];
1693 1119 1977 1203 quintum
2012 1133 2215 1182 autem
2247 1117 2401 1181 illud

378 1237 732 1321 ponendum
752 1288 769 1315 ,
857 1238 1021 1321 (111οᾶ
1083 1238 1376 1302 noscibile
1439 1246 1623 1322 atque
1685 1261 1895 1301 verum
1957 1245 2068 1302 est.
2161 1237 2401 1301 Horum

380 1380 574 1420 unum
622 1363 715 1421 est
759 1379 978 1421 nomen
997 1407 1016 1434 ,
1067 1357 1324 1421 alterum
1349 1356 1624 1421 definitio
1640 1407 1658 1434 ,
1686 1358 1935 1421 tertium
1968 1357 2361 1421 simulacrum
2380 1406 2398 1433 ,

375 1477 634 1540 scientia
696 1483 1002 1559 quartum.
1096 1476 1191 1540 De
1253 1499 1379 1539 uno
1438 1477 1630 1561 igitur
1677 1475 1876 1553 disce,
1926 1476 1976 1539 si
2024 1476 2191 1560 quod
2234 1498 2401 1539 nunc

375 1594 515 1657 dico
562 1593 905 1678 intelligere
951 1593 1124 1677 cupis
1141 1644 1159 1670 ‚
1208 1593 1405 1678 deque
1452 1594 1736 1658 omnibus
1770 1594 2049 1658 similiter
2087 1593 2397 1657 arbitrare.

375 1713 490 1775 Est
537 1710 773 1795 aliquid
820 1710 987 1794 quod
1035 1711 1301 1775 circulus
1347 1719 1637 1789 vocatur,
1690 1713 1791 1776 cui
1834 1712 1899 1776 id
1944 1713 2146 1797 ipsum
2179 1734 2401 1776 nomen

377 1837 471 1893 est
531 1829 698 1914 quod
759 1828 942 1893 modo
988 1829 1519 1913 nuncupabamuS.
1614 1829 1894 1894 Alterum
1943 1837 2035 1894 est
2080 1831 2211 1894 eius
2259 1830 2401 1894 defi-

374 1949 564 2026 111110,
632 1972 664 2012 6
724 1948 1077 2012 nominibus
1125 1955 1186 2011 et
1232 1948 1430 2012 verbis
1477 1948 1850 2034 composita:
1901 1927 2067 2033 quod
2114 1948 2274 2011 enim
2324 1947 2399 2011 ab

375 2066 662 2131 extremis
725 2065 802 2128 ad
862 2065 1132 2129 medium
1195 2067 1528 2150 aequaliter
1573 2066 1985 2151 undequaque
2029 2066 2217 2130 distat
2232 2116 2251 2143 ,
2300 2066 2399 2130 de·

372 2185 570 2250 finitio
619 2193 712 2249 est
757 2185 889 2248 eius
938 2184 1106 2268 quod
1152 2185 1400 2249 rotundi
1451 2193 1512 2248 et
1558 2185 1909 2249 circumacti
1959 2193 2020 2249 61
2051 2185 2264 2250 circuli
2292 2208 2398 2249 no-

370 2305 536 2368 mine
584 2303 993 2388 designamus,
1088 2303 1364 2368 Tertium
1413 2312 1505 2368 est
1550 2305 1747 2389 figura
1792 2305 1957 2390 picta
1994 2306 2091 2369 vel
2120 2314 2393 2383 tornata,

372 2422 652 2486 delebilis
700 2431 762 2486 61
805 2422 1066 2487 caduca:
1118 2445 1376 2506 quorum
1408 2423 1474 2486 in
1505 2423 1709 2508 ipsum
1741 2424 2068 2501 circulum,
2104 2423 2181 2488 ad
2214 2445 2390 2508 quem

371 2543 522 2606 haec
567 2543 774 2605 omnia
819 2547 1128 2627 spectant,
1162 2541 1318 2605 nihil
1350 2541 1547 2619 cadit,
1582 2549 1798 2626 utpote
1832 2541 1906 2605 ab
1938 2543 2034 2606 his
2067 2542 2392 2606 diversum.

371 2661 679 2741 Quartum
721 2670 933 2772 11111610
981 2661 1141 2724 circa
1187 2660 1335 2724 haec
1383 2669 1475 2724 est
1524 2660 1779 2725 scientia
1826 2669 1887 2724 61
1930 2684 2101 2725 mens
2150 2670 2210 2725 61
2256 2686 2396 2726 vera

371 2781 615 2866 opini03
664 2779 829 2864 quod
878 2801 1054 2843 omne
1101 2802 1313 2842 rursus
1359 2787 1673 2862 tamquam
1720 2802 1916 2844 unum
1963 2781 2390 2859 statuendum,

369 2922 496 2962 non
558 2899 624 2962 in
683 2898 936 2962 vocibus
997 2921 1110 2962 nec
1162 2898 1228 2961 in
1275 2919 1600 2984 corporum
1646 2898 1859 2982 figuris
1906 2899 2126 2977 situm,
2176 2899 2283 2964 sed
2328 2901 2392 2964 in

369 3017 621 3082 animis:
671 3040 795 3101 quo
839 3017 1230 3080 manifestum
1263 3016 1332 3079 fit
1348 3063 1366 3092 ,
1401 3015 1709 3080 diversum
1739 3016 1897 3080 illud
1930 3040 2059 3080 esse
2090 3017 2165 3081 ab
2197 3019 2391 3102 ipsius

369 3136 588 3202 circuli
632 3143 852 3201 natura
868 3185 887 3214 ,
935 3135 1239 3199 diversum
1286 3135 1429 3199 item
1482 3158 1519 3198 a
1563 3134 1762 3199 tribus
1808 3136 1932 3199 illis
1972 3159 2158 3221 supra
2188 3137 2387 3201 dictis,

369 3257 612 3320 Horum
692 3261 897 3319 autem
967 3254 1328 3338 cognatione
1394 3261 1452 3317 61
1516 3253 1918 3318 similitudine
1980 3256 2252 3339 proxime
2314 3256 2390 3320 ad

368 3375 660 3458 quintum
707 3373 940 3437 accedit
985 3395 1190 3449 mens3
1240 3381 1439 3436 cetera
1483 3373 1809 3436 remotiora
1850 3379 2014 3436 sunt.
2063 3368 2194 3438 Idm
2226 3374 2388 3438 idem

370 3494 524 3579 [dici
567 3493 796 3578 potest]
847 3491 922 3556 de
968 3498 1133 3554 recta
1177 3497 1239 3554 et
1277 3513 1462 3554 curva
1492 3490 1689 3574 figura
1722 3499 1782 3554 61
1814 3491 1889 3555 de
1923 3491 2155 3570 colore,
2191 3492 2388 3576 deque

368 3614 530 3678 bono
578 3618 640 3676 et
683 3609 943 3696 pulchro
990 3617 1051 3672 et
1096 3610 1296 3686 iusto,
1348 3615 1535 3693 atque
1581 3608 1657 3672 de
1705 3609 1980 3693 quolibet
2012 3633 2261 3696 corpore
2293 3613 2389 3676 vel

366 3753 556 3794 manu
600 3728 760 3792 facto
808 3726 904 3792 vel
949 3735 1170 3791 natura
1198 3733 1485 3812 generato
1501 3775 1519 3803 ,
1556 3726 1631 3790 de
1662 3727 1821 3811 igni,
1856 3751 2016 3812 aqua
2045 3731 2383 3815 ceterisque

368 3931 693 3995 ὰπολλῦμενον.
739 3929 818 3977 Ita
852 3944 962 3977 mox
997 3945 1044 3992 p.
1080 3929 1176 3976 343
1212 3929 1254 3976 A
1283 3928 1552 3990 junguntur
1585 3935 1878 3996 γραφομένων
1909 3931 2031 3985 aaut
2053 3935 2381 3998 τορνευθέντων.
