3025 5067
1291 379 1368 442 87

327 583 468 647 τότε
523 589 821 647 πολιτικῶν
867 580 1008 647 εἶναι
1055 584 1334 649 κοινωνίαν
1381 586 1519 665 πρός
1556 610 1652 662 σεε,
1700 588 1784 671 (p.
1830 589 1958 649 316
2005 586 2105 669 D).
2196 585 2235 647 J
2238 609 2334 649 am

325 723 474 765 vero
520 700 754 764 etiamsi
785 701 1216 779 concedamus,
1252 724 1322 764 60
1353 702 1512 765 sacto
1542 703 1784 766 Platoni
1816 703 2334 788 opportunitatem

325 820 518 883 fuisse
593 820 892 884 ademtam
962 828 1034 885 ut
1093 820 1458 906 Dionysium
1520 823 1938 907 philosophiae
2000 824 2333 908 praeceptis

323 939 630 1004 imbueret
675 948 734 1003 et
781 941 859 1004 ad
907 941 1049 1004 boni
1097 942 1384 1027 principis
1431 942 1687 1027 effigiem
1735 942 2169 1019 conformaret,
2209 964 2333 1006 non

321 1064 530 1121 tamen
577 1058 889 1142 probabile
935 1068 1026 1121 est
1043 1108 1062 1135 ‚
1097 1082 1235 1123 eum
1268 1060 1331 1123 in
1363 1060 1507 1123 aula
1539 1059 1858 1143 degentem
1891 1060 1967 1123 ab
1998 1060 2163 1123 omni
2194 1082 2335 1123 cum

325 1176 602 1261 principe
633 1178 992 1241 commercio
1028 1177 1102 1241 de
1133 1177 1394 1261 publicis
1419 1178 1679 1261 negotiis
1702 1178 1992 1241 mansisse
2016 1184 2333 1242 remotum.

323 1294 499 1373 Quid
562 1296 724 1378 quod
783 1296 894 1359 hac
938 1297 1004 1361 in
1052 1303 1222 1380 parte
1267 1297 1400 1381 ipsa
1447 1296 1706 1381 epistola
1752 1297 1866 1360 sibi
1910 1320 2035 1361 non
2081 1304 2335 1361 constat.

319 1414 363 1477 J
366 1437 466 1477 am
510 1415 809 1499 principio
856 1417 937 1498 (p.
989 1418 1117 1479 316
1165 1417 1244 1498 A)
1293 1399 1516 1499 circipit
1561 1414 1729 1479 ἄλλα
1773 1441 1841 1480 τε
1884 1416 2129 1497 βραχέα
2176 1416 2337 1481 ἄττα

320 1534 424 1597 καὶ
487 1534 567 1597 τα
629 1538 739 1597 τῶν
805 1533 985 1609 νόμων
1053 1535 1350 1612 προοίμιατ
1403 1534 1578 1617 quasi
1622 1535 1739 1598 hoc
1786 1534 1915 1597 leve
1960 1542 2116 1598 esset
2160 1559 2339 1621 nego-

316 1651 508 1728 tium,
572 1651 738 1734 quod
798 1650 1046 1734 quidem
1106 1674 1138 1715 6
1196 1651 1469 1715 Platonis
1532 1653 1831 1717 sententia
1886 1660 2015 1717 erat
2060 1655 2337 1737 gravissi—

318 1792 526 1847 mum,
589 1778 660 1833 ut
719 1776 968 1854 apparet
1027 1792 1101 1832 ex
1159 1769 1234 1832 iis
1297 1792 1450 1853 quae
1510 1770 1625 1833 hac
1685 1770 1760 1834 de
1820 1794 1884 1834 re
1941 1770 2336 1855 disputantur

315 1890 387 1953 in
445 1888 602 1953 libro
663 1887 739 1951 de
801 1887 990 1973 Legg.
1053 1887 1180 1965 IV,
1243 1912 1304 1972 p.
1374 1890 1497 1953 722
1558 1912 1647 1972 sq.
1694 1888 1802 1952 ubi
1848 1889 2024 1954 docet
2047 1940 2065 1967 ,
2114 1890 2334 1956 bonam

315 2008 516 2091 legem
579 2007 818 2072 duabus
882 2014 1157 2073 constare
1219 2008 1494 2092 partibus
1513 2058 1531 2087 ,
1597 2030 1855 2093 quarum
1913 2009 2103 2074 altera
2147 2011 2227 2074 sit
2269 2011 2336 2075 τὸ

315 2126 688 2191 ἐπιτακτικόν
705 2177 724 2204 ,
787 2126 848 2191 11.
904 2150 954 2189 e.
1003 2127 1206 2211 ipsum
1252 2127 1402 2211 legis
1449 2129 1921 2213 praescriptum,
1970 2128 2225 2193 alterum
2270 2129 2338 2193 τὸ

316 2244 610 2309 πειστικόν
625 2295 644 2319 ,
709 2266 830 2329 quo
888 2245 1042 2308 ratio
1103 2244 1254 2329 legis
1319 2246 1645 2330 exponitur
1690 2253 1750 2310 et
1796 2246 2085 2311 suadetur
2102 2296 2120 2323 ,
2168 2248 2229 2311 h.
2279 2270 2333 2311 e.

317 2364 730 2448 prooemium3
780 2386 921 2449 ergo
967 2364 1114 2429 boni
1158 2364 1521 2448 legislatoris
1570 2387 1697 2429 esse
1754 2366 2065 2445 προτιθέναι
2116 2365 2333 2437 παντὸς

315 2489 422 2547 τοῦ
467 2482 643 2560 λόγου
690 2484 756 2547 τὸ
801 2483 1063 2563 πεφυκὸς
1109 2482 1394 2561 προοίμιον
1435 2483 1695 2555 ἑκάστοις
1739 2486 1819 2568 (p.
1867 2486 1990 2549 723
2026 2483 2116 2568 O).
2177 2484 2333 2549 Inde

317 2601 580 2685 scriptor
625 2572 914 2686 epistolae
958 2602 1024 2665 id
1069 2602 1198 2666 sine
1245 2602 1431 2667 dubio
1463 2603 1701 2666 sumsit.
1763 2602 1803 2665 J
1807 2626 1903 2666 am
1944 2604 2327 2669 manifestum

319 2727 414 2783 661
431 2770 449 2797 ,
490 2720 866 2803 prooemium
910 2720 1062 2805 legis
1109 2722 1392 2805 componi
1437 2744 1563 2786 11011
1608 2744 1785 2806 posse
1831 2728 2157 2806 antequam
2200 2723 2334 2807 ipsa

316 2838 421 2902 lex
466 2839 802 2903 constituta
845 2839 960 2916 sit;
1008 2860 1193 2922 quare
1238 2862 1333 2903 res
1379 2840 1496 2902 ista
1542 2861 1927 2923 nequaquam
1974 2840 2052 2904 ad
2089 2840 2333 2921 βραχέα

317 2956 452 3021 τινα
477 2958 930 3021 annumeranda
953 2966 1106 3035 erat,
1137 2956 1302 3041 quod
1326 2958 1535 3041 potius
1560 2958 1981 3042 gravissimum
2008 2967 2135 3023 erat
2156 2959 2334 3043 legis-

318 3076 532 3140 latoris
578 3098 751 3160 opus
800 3075 1036 3140 Deinde
1081 3075 1256 3140 alteri
1301 3077 1743 3155 criminationi,
1796 3077 1961 3161 quod
2007 3077 2183 3141 Plato
2216 3078 2334 3142 dis-

318 3196 614 3261 suasisset
657 3195 951 3280 Dionysio
999 3195 1474 3258 dominationem
1520 3196 1825 3260 remittere
1870 3202 1931 3260 et
1968 3195 2207 3260 Siciliae
2247 3197 2327 3261 ci-

317 3317 543 3380 vitates
602 3337 866 3379 recreare
879 3364 896 3393 ,
961 3315 1216 3399 scriptor
1273 3314 1600 3399 respondet
1656 3316 2179 3380 commemorando
2217 3316 2336 3381 col-

318 3435 536 3519 loquio
551 3484 570 3513 ‚
649 3434 814 3518 quod
888 3434 1306 3518 praesentibus
1392 3434 1755 3497 Aristocrito
1826 3440 1887 3498 et
1953 3434 2331 3500 Archedemo

320 3554 388 3617 in
450 3552 649 3637 regiae
703 3552 881 3615 horto
936 3574 1075 3617 cum
1136 3552 1430 3637 Dionysio
1477 3552 1795 3617 habuisset
1844 3551 2014 3615 Plato
2033 3602 2048 3627 ,
2099 3553 2163 3615 in
2208 3575 2332 3636 quo

321 3672 634 3757 colloquio
678 3672 995 3737 Platonem
1041 3672 1425 3736 vehementer
1468 3672 1535 3736 id
1576 3672 1872 3749 suasisse,
1908 3672 2073 3756 quod
2104 3671 2333 3734 dissua—

263 3842 272 3851 .
319 3793 474 3857 61666
535 3814 675 3855 611111
735 3791 886 3856 dicit
943 3791 1304 3876 DionysiuS‚
1369 3798 1581 3855 contra
1634 3791 1797 3855 hunc
1858 3791 1933 3856 ab
1990 3813 2061 3855 60
2108 3790 2334 3855 dissen-

320 3912 495 3974 sisse.
586 3909 756 3995 Quid
813 3912 930 3975 hoc
994 3910 1163 3974 aliud
1225 3910 1345 3975 fuit
1402 3909 1523 3974 nisi
1575 3908 1847 3990 πράττειν
1890 3910 1971 3975 τα
2016 3906 2334 3974 πολιτικαὶ)

321 4030 612 4093 Ceterum
643 4028 812 4093 istud
841 4028 1212 4111 colloquium
1248 4027 1324 4091 ad
1354 4027 1671 4092 Platonem
1695 4027 2141 4094 defendendum
2165 4028 2335 4113 parvi

322 4155 419 4212 est
464 4146 780 4231 ponderiS„
861 4146 1032 4227 Quid
1077 4146 1236 4209 enim
1284 4145 1360 4208 ad
1405 4146 1589 4209 fidem
1618 4145 1955 4210 faciendam
1985 4147 2145 4211 valet
2176 4170 2334 4211 com-
