<?xml version="1.0" encoding="UTF-8"?>
<!DOCTYPE html PUBLIC "-//W3C//DTD XHTML 1.0 Transitional//EN"
    "http://www.w3.org/TR/xhtml1/DTD/xhtml1-transitional.dtd">
<html xmlns="http://www.w3.org/1999/xhtml" xml:lang="en" lang="en">
 <head>
  <title>
</title>
<meta http-equiv="Content-Type" content="text/html;charset=utf-8" />
  <meta name='ocr-system' content='tesseract 3.04.00' />
  <meta name='ocr-capabilities' content='ocr_page ocr_carea ocr_par ocr_line ocrx_word'/>
</head>
<body>
  <div class='ocr_page' id='page_1' title='image "./commentatiocrit02karsgoog_0117.png"; bbox 0 0 3025 5067; ppageno 0'>
   <div class='ocr_carea' id='block_1_1' title="bbox 1304 361 1382 425">
    <p class='ocr_par' dir='ltr' id='par_1_1' title="bbox 1304 361 1382 425">
     <span class='ocr_line' id='line_1_1' title="bbox 1304 361 1382 425; baseline 0.038 -3"><span class='ocrx_word' id='word_1_1' title='bbox 1304 361 1382 425; x_wconf 85' lang='grc'><strong>97</strong></span> 
     </span>
    </p>
   </div>
   <div class='ocr_carea' id='block_1_2' title="bbox 329 560 2359 3969">
    <p class='ocr_par' dir='ltr' id='par_1_2' title="bbox 341 560 2354 1363">
     <span class='ocr_line' id='line_1_2' title="bbox 343 560 2351 651; baseline 0 -21"><span class='ocrx_word' id='word_1_2' title='bbox 343 567 732 650; x_wconf 85' lang='lat' dir='ltr'><strong>grammatico</strong></span> <span class='ocrx_word' id='word_1_3' title='bbox 792 566 1162 651; x_wconf 79' lang='lat' dir='ltr'><strong>incognitam</strong></span> <span class='ocrx_word' id='word_1_4' title='bbox 1219 567 1422 631; x_wconf 86' lang='lat' dir='ltr'><strong>fuisse.</strong></span> <span class='ocrx_word' id='word_1_5' title='bbox 1516 566 1580 631; x_wconf 88' lang='lat' dir='ltr'><strong>Si</strong></span> <span class='ocrx_word' id='word_1_6' title='bbox 1625 567 1983 631; x_wconf 88' lang='lat' dir='ltr'><strong>vocabulum</strong></span> <span class='ocrx_word' id='word_1_7' title='bbox 2032 560 2351 650; x_wconf 76' lang='grc' dir='ltr'><strong><em>λυκοφιλία</em></strong></span> 
     </span>
     <span class='ocr_line' id='line_1_3' title="bbox 345 684 2348 779; baseline 0.001 -32"><span class='ocrx_word' id='word_1_8' title='bbox 345 707 382 747; x_wconf 89' lang='lat' dir='ltr'><strong>a</strong></span> <span class='ocrx_word' id='word_1_9' title='bbox 423 692 630 748; x_wconf 88' lang='lat' dir='ltr'><strong>nostro</strong></span> <span class='ocrx_word' id='word_1_10' title='bbox 677 684 968 771; x_wconf 82' lang='lat' dir='ltr'><strong>scriptore</strong></span> <span class='ocrx_word' id='word_1_11' title='bbox 1004 684 1327 779; x_wconf 29' lang='lat' dir='ltr'><strong>‘inventum</strong></span> <span class='ocrx_word' id='word_1_12' title='bbox 1373 693 1532 750; x_wconf 87' lang='lat' dir='ltr'><strong>esset</strong></span> <span class='ocrx_word' id='word_1_13' title='bbox 1543 736 1562 765; x_wconf 92' lang='lat'><em>‚</em></span> <span class='ocrx_word' id='word_1_14' title='bbox 1610 686 1779 750; x_wconf 86' lang='lat' dir='ltr'><strong>laudi</strong></span> <span class='ocrx_word' id='word_1_15' title='bbox 1815 685 1879 749; x_wconf 92' lang='lat' dir='ltr'><strong>id</strong></span> <span class='ocrx_word' id='word_1_16' title='bbox 1912 687 1967 750; x_wconf 92' lang='lat' dir='ltr'><strong>ei</strong></span> <span class='ocrx_word' id='word_1_17' title='bbox 1996 686 2183 751; x_wconf 88' lang='lat' dir='ltr'><strong>tribui</strong></span> <span class='ocrx_word' id='word_1_18' title='bbox 2213 708 2348 771; x_wconf 89' lang='lat' dir='ltr'><strong>pos—</strong></span> 
     </span>
     <span class='ocr_line' id='line_1_4' title="bbox 344 803 2354 890; baseline 0 -23"><span class='ocrx_word' id='word_1_19' title='bbox 344 809 466 882; x_wconf 87' lang='lat' dir='ltr'><strong>set,</strong></span> <span class='ocrx_word' id='word_1_20' title='bbox 525 803 708 867; x_wconf 88' lang='lat' dir='ltr'><strong>modo</strong></span> <span class='ocrx_word' id='word_1_21' title='bbox 753 812 891 889; x_wconf 82' lang='lat' dir='ltr'><strong>apte</strong></span> <span class='ocrx_word' id='word_1_22' title='bbox 935 826 1006 867; x_wconf 86' lang='lat' dir='ltr'><strong>eo</strong></span> <span class='ocrx_word' id='word_1_23' title='bbox 1051 826 1198 868; x_wconf 87' lang='lat' dir='ltr'><strong>usus</strong></span> <span class='ocrx_word' id='word_1_24' title='bbox 1244 811 1418 870; x_wconf 87' lang='lat' dir='ltr'><strong>esset.</strong></span> <span class='ocrx_word' id='word_1_25' title='bbox 1454 804 1505 877; x_wconf 68' lang='lat'><strong>1)</strong></span> <span class='ocrx_word' id='word_1_26' title='bbox 1555 804 1621 868; x_wconf 88' lang='lat' dir='ltr'><strong>Si</strong></span> <span class='ocrx_word' id='word_1_27' title='bbox 1664 812 1919 890; x_wconf 79' lang='lat' dir='ltr'><strong>tyranno</strong></span> <span class='ocrx_word' id='word_1_28' title='bbox 1965 806 2215 890; x_wconf 87' lang='lat' dir='ltr'><strong>eiusque</strong></span> <span class='ocrx_word' id='word_1_29' title='bbox 2262 826 2354 867; x_wconf 89' lang='lat' dir='ltr'><strong>so-</strong></span> 
     </span>
     <span class='ocr_line' id='line_1_5' title="bbox 345 921 2352 1008; baseline 0.002 -23"><span class='ocrx_word' id='word_1_30' title='bbox 345 921 582 987; x_wconf 87' lang='lat' dir='ltr'><strong>dalibus</strong></span> <span class='ocrx_word' id='word_1_31' title='bbox 652 922 964 987; x_wconf 80' lang='lat' dir='ltr'><strong>tribuisset</strong></span> <span class='ocrx_word' id='word_1_32' title='bbox 1030 924 1375 1008; x_wconf 76' lang='grc' dir='ltr'><strong><em>λυκοφιλίαν</em></strong></span> <span class='ocrx_word' id='word_1_33' title='bbox 1396 973 1415 1003; x_wconf 87' lang='grc'>,</span> <span class='ocrx_word' id='word_1_34' title='bbox 1467 926 1762 989; x_wconf 75' lang='lat' dir='ltr'><em>subdolam</em></span> <span class='ocrx_word' id='word_1_35' title='bbox 1828 925 2144 988; x_wconf 77' lang='lat' dir='ltr'><strong>amicitiam</strong></span> <span class='ocrx_word' id='word_1_36' title='bbox 2159 973 2178 1002; x_wconf 94' lang='lat'><em>,</em></span> <span class='ocrx_word' id='word_1_37' title='bbox 2226 947 2352 989; x_wconf 90' lang='lat' dir='ltr'><strong>non</strong></span> 
     </span>
     <span class='ocr_line' id='line_1_6' title="bbox 344 1039 2347 1127; baseline 0.001 -24"><span class='ocrx_word' id='word_1_38' title='bbox 344 1046 498 1103; x_wconf 87' lang='lat' dir='ltr'><strong>esset</strong></span> <span class='ocrx_word' id='word_1_39' title='bbox 540 1039 1008 1125; x_wconf 84' lang='lat' dir='ltr'><strong>vituperandum</strong></span> <span class='ocrx_word' id='word_1_40' title='bbox 1019 1066 1038 1119; x_wconf 91' lang='lat'>;</span> <span class='ocrx_word' id='word_1_41' title='bbox 1085 1040 1190 1104; x_wconf 87' lang='lat' dir='ltr'><strong>sed</strong></span> <span class='ocrx_word' id='word_1_42' title='bbox 1236 1040 1402 1125; x_wconf 89' lang='lat' dir='ltr'><strong>quod</strong></span> <span class='ocrx_word' id='word_1_43' title='bbox 1431 1041 1549 1106; x_wconf 87' lang='lat' dir='ltr'><strong>sibi</strong></span> <span class='ocrx_word' id='word_1_44' title='bbox 1578 1041 1693 1127; x_wconf 87' lang='lat' dir='ltr'><strong>ipsi</strong></span> <span class='ocrx_word' id='word_1_45' title='bbox 1725 1042 1845 1106; x_wconf 88' lang='lat' dir='ltr'><strong>tale</strong></span> <span class='ocrx_word' id='word_1_46' title='bbox 1876 1042 2025 1126; x_wconf 91' lang='lat' dir='ltr'><strong>quid</strong></span> <span class='ocrx_word' id='word_1_47' title='bbox 2054 1043 2315 1127; x_wconf 89' lang='lat' dir='ltr'><strong>imputat</strong></span> <span class='ocrx_word' id='word_1_48' title='bbox 2328 1091 2347 1120; x_wconf 93' lang='lat'><strong><em>,</em></strong></span> 
     </span>
     <span class='ocr_line' id='line_1_7' title="bbox 341 1159 2353 1245; baseline 0 -22"><span class='ocrx_word' id='word_1_49' title='bbox 341 1160 444 1233; x_wconf 70' lang='grc' dir='ltr'><strong><em>τὴν</em></strong></span> <span class='ocrx_word' id='word_1_50' title='bbox 503 1160 646 1239; x_wconf 75' lang='grc' dir='ltr'><strong><em>ε’μην</em></strong></span> <span class='ocrx_word' id='word_1_51' title='bbox 703 1159 802 1225; x_wconf 76' lang='grc' dir='ltr'><strong>καὶ</strong></span> <span class='ocrx_word' id='word_1_52' title='bbox 840 1161 944 1235; x_wconf 77' lang='grc' dir='ltr'><strong><em>σην</em></strong></span> <span class='ocrx_word' id='word_1_53' title='bbox 988 1162 1332 1244; x_wconf 73' lang='grc' dir='ltr'><strong><em>λυκοφιλίαν</em></strong></span> <span class='ocrx_word' id='word_1_54' title='bbox 1348 1210 1368 1245; x_wconf 84' lang='grc'>,</span> <span class='ocrx_word' id='word_1_55' title='bbox 1416 1160 1532 1224; x_wconf 86' lang='lat' dir='ltr'><strong>hoc</strong></span> <span class='ocrx_word' id='word_1_56' title='bbox 1577 1183 1719 1225; x_wconf 88' lang='lat' dir='ltr'><strong>sane</strong></span> <span class='ocrx_word' id='word_1_57' title='bbox 1766 1168 1857 1225; x_wconf 85' lang='lat' dir='ltr'><strong>est</strong></span> <span class='ocrx_word' id='word_1_58' title='bbox 1902 1160 2164 1225; x_wconf 90' lang='lat' dir='ltr'><strong>hominis</strong></span> <span class='ocrx_word' id='word_1_59' title='bbox 2210 1182 2353 1223; x_wconf 88' lang='lat' dir='ltr'><strong>suae</strong></span> 
     </span>
     <span class='ocr_line' id='line_1_8' title="bbox 343 1276 1342 1363; baseline 0.002 -23"><span class='ocrx_word' id='word_1_60' title='bbox 343 1276 625 1361; x_wconf 84' lang='lat' dir='ltr'><strong>dignitati</strong></span> <span class='ocrx_word' id='word_1_61' title='bbox 678 1300 894 1363; x_wconf 87' lang='lat' dir='ltr'><strong>parum</strong></span> <span class='ocrx_word' id='word_1_62' title='bbox 954 1278 1342 1342; x_wconf 79' lang='lat' dir='ltr'><strong>consulentis·</strong></span> 
     </span>
    </p>

    <p class='ocr_par' dir='ltr' id='par_1_3' title="bbox 339 1394 2357 2311">
     <span class='ocr_line' id='line_1_9' title="bbox 427 1394 2354 1482; baseline 0.001 -24"><span class='ocrx_word' id='word_1_63' title='bbox 427 1394 671 1459; x_wconf 78' lang='lat' dir='ltr'><strong>Finitur</strong></span> <span class='ocrx_word' id='word_1_64' title='bbox 729 1396 876 1460; x_wconf 86' lang='lat' dir='ltr'><strong>haec</strong></span> <span class='ocrx_word' id='word_1_65' title='bbox 937 1396 1192 1481; x_wconf 84' lang='lat' dir='ltr'><strong>epistola</strong></span> <span class='ocrx_word' id='word_1_66' title='bbox 1205 1445 1224 1474; x_wconf 94' lang='lat'><em>,</em></span> <span class='ocrx_word' id='word_1_67' title='bbox 1286 1417 1535 1482; x_wconf 87' lang='lat' dir='ltr'><strong>prorsus</strong></span> <span class='ocrx_word' id='word_1_68' title='bbox 1592 1396 1749 1461; x_wconf 85' lang='lat' dir='ltr'><strong>sicut</strong></span> <span class='ocrx_word' id='word_1_69' title='bbox 1806 1394 2031 1475; x_wconf 70' lang='lat' dir='ltr'><strong>VIIm,</strong></span> <span class='ocrx_word' id='word_1_70' title='bbox 2100 1418 2354 1461; x_wconf 88' lang='lat' dir='ltr'><strong>comme·</strong></span> 
     </span>
     <span class='ocr_line' id='line_1_10' title="bbox 341 1513 2351 1599; baseline 0 -24"><span class='ocrx_word' id='word_1_71' title='bbox 341 1513 632 1576; x_wconf 88' lang='lat' dir='ltr'><strong>morando</strong></span> <span class='ocrx_word' id='word_1_72' title='bbox 686 1513 988 1598; x_wconf 89' lang='lat' dir='ltr'><strong>colloquio</strong></span> <span class='ocrx_word' id='word_1_73' title='bbox 1033 1514 1396 1599; x_wconf 89' lang='lat' dir='ltr'><strong>Dionysium</strong></span> <span class='ocrx_word' id='word_1_74' title='bbox 1440 1515 1599 1577; x_wconf 89' lang='lat' dir='ltr'><strong>inter</strong></span> <span class='ocrx_word' id='word_1_75' title='bbox 1644 1522 1705 1577; x_wconf 91' lang='lat' dir='ltr'><strong>et</strong></span> <span class='ocrx_word' id='word_1_76' title='bbox 1749 1513 2065 1578; x_wconf 82' lang='lat' dir='ltr'><strong>Platonem</strong></span> <span class='ocrx_word' id='word_1_77' title='bbox 2109 1514 2318 1579; x_wconf 87' lang='lat' dir='ltr'><strong>habito</strong></span> <span class='ocrx_word' id='word_1_78' title='bbox 2332 1563 2351 1591; x_wconf 89' lang='lat'>‚</span> 
     </span>
     <span class='ocr_line' id='line_1_11' title="bbox 339 1632 2355 1716; baseline 0.001 -21"><span class='ocrx_word' id='word_1_79' title='bbox 339 1654 461 1716; x_wconf 90' lang='lat' dir='ltr'><strong>quo</strong></span> <span class='ocrx_word' id='word_1_80' title='bbox 521 1633 622 1696; x_wconf 86' lang='lat' dir='ltr'><strong>hic</strong></span> <span class='ocrx_word' id='word_1_81' title='bbox 676 1632 844 1696; x_wconf 90' lang='lat' dir='ltr'><strong>illius</strong></span> <span class='ocrx_word' id='word_1_82' title='bbox 898 1634 1382 1699; x_wconf 85' lang='lat' dir='ltr'><strong>criminationem</strong></span> <span class='ocrx_word' id='word_1_83' title='bbox 1427 1634 1669 1698; x_wconf 69' lang='lat' dir='ltr'><strong>refutat.</strong></span> <span class='ocrx_word' id='word_1_84' title='bbox 1762 1633 1963 1697; x_wconf 84' lang='lat' dir='ltr'><strong>Etiam</strong></span> <span class='ocrx_word' id='word_1_85' title='bbox 2010 1634 2125 1697; x_wconf 88' lang='lat' dir='ltr'><strong>hoc</strong></span> <span class='ocrx_word' id='word_1_86' title='bbox 2173 1633 2355 1697; x_wconf 85' lang='lat' dir='ltr'><strong>collo-</strong></span> 
     </span>
     <span class='ocr_line' id='line_1_12' title="bbox 340 1751 2351 1835; baseline 0.002 -21"><span class='ocrx_word' id='word_1_87' title='bbox 340 1752 552 1835; x_wconf 90' lang='lat' dir='ltr'><strong>quium</strong></span> <span class='ocrx_word' id='word_1_88' title='bbox 613 1752 682 1815; x_wconf 85' lang='lat' dir='ltr'><strong>fit</strong></span> <span class='ocrx_word' id='word_1_89' title='bbox 727 1751 1106 1817; x_wconf 82' lang='lat' dir='ltr'><strong>adstantibus</strong></span> <span class='ocrx_word' id='word_1_90' title='bbox 1151 1752 1393 1817; x_wconf 89' lang='lat' dir='ltr'><strong>duobus</strong></span> <span class='ocrx_word' id='word_1_91' title='bbox 1441 1753 1648 1816; x_wconf 86' lang='lat' dir='ltr'><strong>amicis</strong></span> <span class='ocrx_word' id='word_1_92' title='bbox 1664 1801 1683 1830; x_wconf 94' lang='lat'><em>,</em></span> <span class='ocrx_word' id='word_1_93' title='bbox 1744 1775 1920 1816; x_wconf 83' lang='lat' dir='ltr'><strong>scena</strong></span> <span class='ocrx_word' id='word_1_94' title='bbox 1966 1752 2114 1816; x_wconf 87' lang='lat' dir='ltr'><strong>item</strong></span> <span class='ocrx_word' id='word_1_95' title='bbox 2160 1760 2249 1817; x_wconf 90' lang='lat' dir='ltr'><strong>est</strong></span> <span class='ocrx_word' id='word_1_96' title='bbox 2295 1754 2351 1819; x_wconf 84' lang='grc' dir='ltr'><strong><em>ἕν</em></strong></span> 
     </span>
     <span class='ocr_line' id='line_1_13' title="bbox 339 1870 2351 1957; baseline 0.001 -25"><span class='ocrx_word' id='word_1_97' title='bbox 339 1870 532 1951; x_wconf 80' lang='grc' dir='ltr'><strong><em>κήπῳ,</em></strong></span> <span class='ocrx_word' id='word_1_98' title='bbox 594 1876 762 1933; x_wconf 84' lang='lat' dir='ltr'><strong>totus</strong></span> <span class='ocrx_word' id='word_1_99' title='bbox 824 1870 1085 1955; x_wconf 89' lang='lat' dir='ltr'><strong>denique</strong></span> <span class='ocrx_word' id='word_1_100' title='bbox 1160 1871 1332 1935; x_wconf 89' lang='lat' dir='ltr'><strong>locus</strong></span> <span class='ocrx_word' id='word_1_101' title='bbox 1379 1871 1457 1934; x_wconf 90' lang='lat' dir='ltr'><strong>ad</strong></span> <span class='ocrx_word' id='word_1_102' title='bbox 1503 1870 1792 1956; x_wconf 88' lang='lat' dir='ltr'><strong>epistolae</strong></span> <span class='ocrx_word' id='word_1_103' title='bbox 1835 1870 1965 1934; x_wconf 87' lang='lat' dir='ltr'><strong>VII</strong></span> <span class='ocrx_word' id='word_1_104' title='bbox 2011 1871 2351 1957; x_wconf 84' lang='lat' dir='ltr'><strong>exemplum</strong></span> 
     </span>
     <span class='ocr_line' id='line_1_14' title="bbox 341 1988 2357 2073; baseline 0.001 -24"><span class='ocrx_word' id='word_1_105' title='bbox 341 1988 516 2051; x_wconf 87' lang='lat' dir='ltr'><strong>fictus</strong></span> <span class='ocrx_word' id='word_1_106' title='bbox 578 2010 704 2051; x_wconf 87' lang='lat' dir='ltr'><strong>esse</strong></span> <span class='ocrx_word' id='word_1_107' title='bbox 767 1989 1021 2054; x_wconf 78' lang='lat' dir='ltr'><strong>videtur.</strong></span> <span class='ocrx_word' id='word_1_108' title='bbox 1118 1989 1395 2073; x_wconf 89' lang='lat' dir='ltr'><strong>Utraque</strong></span> <span class='ocrx_word' id='word_1_109' title='bbox 1441 2011 1619 2053; x_wconf 88' lang='lat' dir='ltr'><strong>scena</strong></span> <span class='ocrx_word' id='word_1_110' title='bbox 1665 1996 1754 2053; x_wconf 86' lang='lat' dir='ltr'><strong>est</strong></span> <span class='ocrx_word' id='word_1_111' title='bbox 1799 1989 2055 2052; x_wconf 84' lang='lat' dir='ltr'><strong>imitatio</strong></span> <span class='ocrx_word' id='word_1_112' title='bbox 2100 1988 2357 2052; x_wconf 87' lang='lat' dir='ltr'><strong>Socrati—</strong></span> 
     </span>
     <span class='ocr_line' id='line_1_15' title="bbox 340 2105 2357 2192; baseline 0 -24"><span class='ocrx_word' id='word_1_113' title='bbox 340 2127 551 2169; x_wconf 87' lang='lat' dir='ltr'><strong>corum</strong></span> <span class='ocrx_word' id='word_1_114' title='bbox 611 2105 990 2192; x_wconf 86' lang='lat' dir='ltr'><strong>dialogorum</strong></span> <span class='ocrx_word' id='word_1_115' title='bbox 1008 2157 1026 2184; x_wconf 92' lang='lat'><em>,</em></span> <span class='ocrx_word' id='word_1_116' title='bbox 1089 2107 1238 2171; x_wconf 88' lang='lat' dir='ltr'><strong>haec</strong></span> <span class='ocrx_word' id='word_1_117' title='bbox 1283 2107 1591 2191; x_wconf 82' lang='lat' dir='ltr'><strong>superiore</strong></span> <span class='ocrx_word' id='word_1_118' title='bbox 1636 2106 1743 2170; x_wconf 89' lang='lat' dir='ltr'><strong>illa</strong></span> <span class='ocrx_word' id='word_1_119' title='bbox 1788 2106 1967 2171; x_wconf 91' lang='lat' dir='ltr'><strong>etiam</strong></span> <span class='ocrx_word' id='word_1_120' title='bbox 2011 2105 2357 2191; x_wconf 85' lang='lat' dir='ltr'><strong>languidior</strong></span> 
     </span>
     <span class='ocr_line' id='line_1_16' title="bbox 339 2224 1911 2337; baseline 0 -50"><span class='ocrx_word' id='word_1_121' title='bbox 339 2230 402 2287; x_wconf 88' lang='lat' dir='ltr'><strong>et</strong></span> <span class='ocrx_word' id='word_1_122' title='bbox 446 2224 727 2309; x_wconf 87' lang='lat' dir='ltr'><strong>ineptior.</strong></span> <span class='ocrx_word' id='word_1_123' title='bbox 1875 2284 1911 2337; x_wconf 50' lang='grc' dir='ltr'><em>ἓ</em></span> 
     </span>
    </p>

    <p class='ocr_par' dir='ltr' id='par_1_4' title="bbox 329 2340 2359 3969">
     <span class='ocr_line' id='line_1_17' title="bbox 429 2340 2356 2435; baseline 0.001 -31"><span class='ocrx_word' id='word_1_124' title='bbox 429 2341 552 2419; x_wconf 91' lang='lat' dir='ltr'><strong>„In</strong></span> <span class='ocrx_word' id='word_1_125' title='bbox 583 2342 762 2406; x_wconf 92' lang='lat' dir='ltr'><strong>horto</strong></span> <span class='ocrx_word' id='word_1_126' title='bbox 792 2343 993 2427; x_wconf 84' lang='lat' dir='ltr'><strong>regiae</strong></span> <span class='ocrx_word' id='word_1_127' title='bbox 1024 2341 1196 2427; x_wconf 88' lang='lat' dir='ltr'><strong>(dicit</strong></span> <span class='ocrx_word' id='word_1_128' title='bbox 1216 2342 1396 2407; x_wconf 89' lang='lat' dir='ltr'><strong>Plato</strong></span> <span class='ocrx_word' id='word_1_129' title='bbox 1416 2342 1492 2405; x_wconf 88' lang='lat' dir='ltr'><strong>ad</strong></span> <span class='ocrx_word' id='word_1_130' title='bbox 1508 2342 1895 2435; x_wconf 64' lang='grc' dir='ltr'><strong>Βίοῐιγείξ’</strong></span> <span class='ocrx_word' id='word_1_131' title='bbox 1869 2379 1899 2390; x_wconf 85' lang='lat'><em>-</em></span> <span class='ocrx_word' id='word_1_132' title='bbox 1938 2340 2356 2427; x_wconf 64' lang='lat' dir='ltr'><strong>praesentibus</strong></span> 
     </span>
     <span class='ocr_line' id='line_1_18' title="bbox 339 2438 2353 2539; baseline 0 -16"><span class='ocrx_word' id='word_1_133' title='bbox 339 2459 721 2525; x_wconf 86' lang='lat' dir='ltr'><strong>Archedemo</strong></span> <span class='ocrx_word' id='word_1_134' title='bbox 746 2467 807 2524; x_wconf 89' lang='lat' dir='ltr'><strong>et</strong></span> <span class='ocrx_word' id='word_1_135' title='bbox 832 2460 1212 2539; x_wconf 79' lang='lat' dir='ltr'><strong>AristocritO,</strong></span> <span class='ocrx_word' id='word_1_136' title='bbox 1239 2469 1312 2524; x_wconf 88' lang='lat' dir='ltr'><strong>tu</strong></span> <span class='ocrx_word' id='word_1_137' title='bbox 1335 2483 1450 2539; x_wconf 91' lang='lat' dir='ltr'><strong>me,</strong></span> <span class='ocrx_word' id='word_1_138' title='bbox 1477 2461 1691 2527; x_wconf 79' lang='grc' dir='ltr'><strong><em>τούτων</em></strong></span> <span class='ocrx_word' id='word_1_139' title='bbox 1714 2438 1873 2525; x_wconf 66' lang='grc' dir='ltr'><strong><em>ε’νῖἷ.</em></strong></span> <span class='ocrx_word' id='word_1_140' title='bbox 1886 2482 1963 2525; x_wconf 84' lang='grc' dir='ltr'><strong><em>ον</em></strong></span> <span class='ocrx_word' id='word_1_141' title='bbox 1987 2459 2353 2537; x_wconf 70' lang='grc' dir='ltr'><strong><em>διηρώτησας,</em></strong></span> 
     </span>
     <span class='ocr_line' id='line_1_19' title="bbox 336 2578 2355 2661; baseline -0.001 -17"><span class='ocrx_word' id='word_1_142' title='bbox 336 2582 385 2645; x_wconf 82' lang='grc' dir='ltr'><strong>εἰ</strong></span> <span class='ocrx_word' id='word_1_143' title='bbox 432 2578 798 2659; x_wconf 78' lang='grc' dir='ltr'><em>μνημονεύω,</em></span> <span class='ocrx_word' id='word_1_144' title='bbox 845 2604 965 2645; x_wconf 78' lang='grc' dir='ltr'><strong>κατ</strong></span> <span class='ocrx_word' id='word_1_145' title='bbox 1025 2582 1226 2661; x_wconf 77' lang='grc' dir='ltr'><strong><em>οὶρχας</em></strong></span> <span class='ocrx_word' id='word_1_146' title='bbox 1270 2579 1356 2645; x_wconf 78' lang='grc' dir='ltr'><strong>ὅτ’</strong></span> <span class='ocrx_word' id='word_1_147' title='bbox 1407 2578 1570 2655; x_wconf 75' lang='grc' dir='ltr'><strong><em>ἦλθον</em></strong></span> <span class='ocrx_word' id='word_1_148' title='bbox 1616 2580 1861 2644; x_wconf 82' lang='grc' dir='ltr'><strong><em>κελεύων</em></strong></span> <span class='ocrx_word' id='word_1_149' title='bbox 1902 2604 1969 2643; x_wconf 91' lang='grc' dir='ltr'><strong>σε</strong></span> <span class='ocrx_word' id='word_1_150' title='bbox 2006 2580 2118 2650; x_wconf 71' lang='grc' dir='ltr'><strong>τὰς</strong></span> <span class='ocrx_word' id='word_1_151' title='bbox 2158 2578 2355 2649; x_wconf 78' lang='grc' dir='ltr'><strong><em>πόλεις</em></strong></span> 
     </span>
     <span class='ocr_line' id='line_1_20' title="bbox 333 2695 2355 2779; baseline -0.001 -16"><span class='ocrx_word' id='word_1_152' title='bbox 333 2699 450 2769; x_wconf 70' lang='grc' dir='ltr'><strong>’τὰς</strong></span> <span class='ocrx_word' id='word_1_153' title='bbox 502 2698 842 2774; x_wconf 70' lang='grc' dir='ltr'><strong><em>Ἑλληνίδας</em></strong></span> <span class='ocrx_word' id='word_1_154' title='bbox 903 2697 1235 2779; x_wconf 71' lang='grc' dir='ltr'><strong><em>κατοικίζειν</em></strong></span> <span class='ocrx_word' id='word_1_155' title='bbox 1261 2748 1276 2763; x_wconf 94' lang='grc'><strong>.</strong></span> <span class='ocrx_word' id='word_1_156' title='bbox 1339 2700 1454 2775; x_wconf 71' lang='grc' dir='ltr'><strong>ἐγὼ</strong></span> <span class='ocrx_word' id='word_1_157' title='bbox 1516 2697 1573 2761; x_wconf 77' lang='grc' dir='ltr'><strong>δὲ</strong></span> <span class='ocrx_word' id='word_1_158' title='bbox 1632 2695 1977 2779; x_wconf 77' lang='grc' dir='ltr'><strong><em>ξυνεχώρουν</em></strong></span> <span class='ocrx_word' id='word_1_159' title='bbox 2024 2698 2355 2774; x_wconf 74' lang='grc' dir='ltr'><strong><em>μεμνῆσθαι</em></strong></span> 
     </span>
     <span class='ocr_line' id='line_1_21' title="bbox 335 2813 2358 2900; baseline -0.002 -19"><span class='ocrx_word' id='word_1_160' title='bbox 335 2818 438 2881; x_wconf 76' lang='grc' dir='ltr'><strong>καὶ</strong></span> <span class='ocrx_word' id='word_1_161' title='bbox 478 2817 561 2883; x_wconf 75' lang='grc' dir='ltr'><strong>ἔτι</strong></span> <span class='ocrx_word' id='word_1_162' title='bbox 601 2821 695 2881; x_wconf 77' lang='grc' dir='ltr'><strong>νῦν</strong></span> <span class='ocrx_word' id='word_1_163' title='bbox 732 2840 825 2895; x_wconf 86' lang='grc' dir='ltr'><strong>μοι</strong></span> <span class='ocrx_word' id='word_1_164' title='bbox 865 2816 1043 2881; x_wconf 77' lang='grc' dir='ltr'><strong><em>δοκεῖν</em></strong></span> <span class='ocrx_word' id='word_1_165' title='bbox 1079 2819 1255 2883; x_wconf 79' lang='grc' dir='ltr'><strong><em>ταῦτ’</em></strong></span> <span class='ocrx_word' id='word_1_166' title='bbox 1293 2813 1438 2882; x_wconf 82' lang='grc' dir='ltr'><strong><em>εἶναι</em></strong></span> <span class='ocrx_word' id='word_1_167' title='bbox 1477 2816 1809 2894; x_wconf 72' lang='grc' dir='ltr'><strong><em>βέλτισται</em></strong></span> <span class='ocrx_word' id='word_1_168' title='bbox 1861 2815 2237 2900; x_wconf 85' lang='lat' dir='ltr'><strong>„quaerebas</strong></span> <span class='ocrx_word' id='word_1_169' title='bbox 2284 2836 2358 2879; x_wconf 85' lang='lat' dir='ltr'><strong>ex</strong></span> 
     </span>
     <span class='ocr_line' id='line_1_22' title="bbox 336 2934 2359 3020; baseline -0.001 -21"><span class='ocrx_word' id='word_1_170' title='bbox 336 2958 467 3014; x_wconf 91' lang='lat' dir='ltr'><strong>me,</strong></span> <span class='ocrx_word' id='word_1_171' title='bbox 502 2935 984 3000; x_wconf 85' lang='lat' dir='ltr'><strong>meminisscmne</strong></span> <span class='ocrx_word' id='word_1_172' title='bbox 1021 2958 1147 3014; x_wconf 90' lang='lat' dir='ltr'><strong>me,</strong></span> <span class='ocrx_word' id='word_1_173' title='bbox 1190 2957 1381 3019; x_wconf 89' lang='lat' dir='ltr'><strong>quum</strong></span> <span class='ocrx_word' id='word_1_174' title='bbox 1412 2935 1677 3020; x_wconf 87' lang='lat' dir='ltr'><strong>primum</strong></span> <span class='ocrx_word' id='word_1_175' title='bbox 1713 2936 1836 2999; x_wconf 89' lang='lat' dir='ltr'><strong>huc</strong></span> <span class='ocrx_word' id='word_1_176' title='bbox 1866 2934 2192 3011; x_wconf 86' lang='lat' dir='ltr'><strong>venissem,</strong></span> <span class='ocrx_word' id='word_1_177' title='bbox 2226 2956 2359 2997; x_wconf 86' lang='lat' dir='ltr'><strong>sua-</strong></span> 
     </span>
     <span class='ocr_line' id='line_1_23' title="bbox 337 3052 2359 3137; baseline -0.001 -20"><span class='ocrx_word' id='word_1_178' title='bbox 337 3053 483 3117; x_wconf 86' lang='lat' dir='ltr'><strong>dere</strong></span> <span class='ocrx_word' id='word_1_179' title='bbox 528 3053 642 3117; x_wconf 87' lang='lat' dir='ltr'><strong>tibi</strong></span> <span class='ocrx_word' id='word_1_180' title='bbox 685 3060 757 3117; x_wconf 88' lang='lat' dir='ltr'><strong>ut</strong></span> <span class='ocrx_word' id='word_1_181' title='bbox 805 3053 1065 3118; x_wconf 86' lang='lat' dir='ltr'><strong>Graecas</strong></span> <span class='ocrx_word' id='word_1_182' title='bbox 1111 3053 1382 3117; x_wconf 84' lang='lat' dir='ltr'><strong>civitates</strong></span> <span class='ocrx_word' id='word_1_183' title='bbox 1430 3053 1799 3117; x_wconf 80' lang='lat' dir='ltr'><strong>restitueres,</strong></span> <span class='ocrx_word' id='word_1_184' title='bbox 1892 3052 2027 3137; x_wconf 85' lang='lat' dir='ltr'><strong>Ego</strong></span> <span class='ocrx_word' id='word_1_185' title='bbox 2074 3075 2169 3116; x_wconf 88' lang='lat' dir='ltr'><strong>me</strong></span> <span class='ocrx_word' id='word_1_186' title='bbox 2214 3052 2359 3115; x_wconf 88' lang='lat' dir='ltr'><strong>fate-</strong></span> 
     </span>
     <span class='ocr_line' id='line_1_24' title="bbox 335 3169 2355 3265; baseline -0.001 -30"><span class='ocrx_word' id='word_1_187' title='bbox 335 3172 448 3236; x_wconf 88' lang='lat' dir='ltr'><strong>bar</strong></span> <span class='ocrx_word' id='word_1_188' title='bbox 502 3171 846 3235; x_wconf 87' lang='lat' dir='ltr'><strong>meminisse</strong></span> <span class='ocrx_word' id='word_1_189' title='bbox 903 3178 964 3235; x_wconf 87' lang='lat' dir='ltr'><strong>et</strong></span> <span class='ocrx_word' id='word_1_190' title='bbox 1009 3170 1263 3255; x_wconf 87' lang='lat' dir='ltr'><strong>(addidi)</strong></span> <span class='ocrx_word' id='word_1_191' title='bbox 1309 3170 1373 3234; x_wconf 93' lang='lat' dir='ltr'><strong>id</strong></span> <span class='ocrx_word' id='word_1_192' title='bbox 1417 3193 1584 3238; x_wconf 89' lang='lat' dir='ltr'><strong>nunc</strong></span> <span class='ocrx_word' id='word_1_193' title='bbox 1631 3170 1813 3265; x_wconf 84' lang='lat' dir='ltr'><strong>etiam</strong></span> <span class='ocrx_word' id='word_1_194' title='bbox 1860 3170 2157 3255; x_wconf 88' lang='lat' dir='ltr'><strong>optimum</strong></span> <span class='ocrx_word' id='word_1_195' title='bbox 2204 3169 2355 3233; x_wconf 90' lang='lat' dir='ltr'><strong>mihi</strong></span> 
     </span>
     <span class='ocr_line' id='line_1_25' title="bbox 333 3286 2356 3374; baseline -0.002 -21"><span class='ocrx_word' id='word_1_196' title='bbox 333 3289 591 3353; x_wconf 86' lang='lat' dir='ltr'><strong>videri.”</strong></span> <span class='ocrx_word' id='word_1_197' title='bbox 679 3289 980 3374; x_wconf 90' lang='lat' dir='ltr'><strong>Deinceps</strong></span> <span class='ocrx_word' id='word_1_198' title='bbox 1043 3290 1215 3373; x_wconf 85' lang='lat' dir='ltr'><strong>quasi</strong></span> <span class='ocrx_word' id='word_1_199' title='bbox 1275 3289 1538 3373; x_wconf 88' lang='lat' dir='ltr'><strong>graviter</strong></span> <span class='ocrx_word' id='word_1_200' title='bbox 1590 3286 1942 3372; x_wconf 86' lang='lat' dir='ltr'><strong>indignatus</strong></span> <span class='ocrx_word' id='word_1_201' title='bbox 1990 3288 2076 3351; x_wconf 88' lang='lat' dir='ltr'><strong>sic</strong></span> <span class='ocrx_word' id='word_1_202' title='bbox 2122 3287 2356 3372; x_wconf 83' lang='lat' dir='ltr'><strong>pergit3</strong></span> 
     </span>
     <span class='ocr_line' id='line_1_26' title="bbox 333 3405 2355 3493; baseline -0.003 -21"><span class='ocrx_word' id='word_1_203' title='bbox 333 3409 512 3472; x_wconf 89' lang='lat' dir='ltr'><strong>locus</strong></span> <span class='ocrx_word' id='word_1_204' title='bbox 528 3457 546 3486; x_wconf 90' lang='lat'>‚</span> <span class='ocrx_word' id='word_1_205' title='bbox 589 3408 703 3471; x_wconf 88' lang='lat' dir='ltr'><strong>etsi</strong></span> <span class='ocrx_word' id='word_1_206' title='bbox 735 3408 879 3472; x_wconf 87' lang='lat' dir='ltr'><strong>satis</strong></span> <span class='ocrx_word' id='word_1_207' title='bbox 912 3407 1132 3493; x_wconf 89' lang='lat' dir='ltr'><strong>longus</strong></span> <span class='ocrx_word' id='word_1_208' title='bbox 1149 3457 1166 3486; x_wconf 91' lang='lat'><em>,</em></span> <span class='ocrx_word' id='word_1_209' title='bbox 1206 3415 1411 3471; x_wconf 87' lang='lat' dir='ltr'><strong>tamen</strong></span> <span class='ocrx_word' id='word_1_210' title='bbox 1449 3405 1675 3491; x_wconf 87' lang='lat' dir='ltr'><strong>dignus</strong></span> <span class='ocrx_word' id='word_1_211' title='bbox 1700 3414 1793 3469; x_wconf 88' lang='lat' dir='ltr'><strong>est</strong></span> <span class='ocrx_word' id='word_1_212' title='bbox 1817 3406 1923 3490; x_wconf 88' lang='lat' dir='ltr'><strong>qui</strong></span> <span class='ocrx_word' id='word_1_213' title='bbox 1946 3405 2355 3470; x_wconf 87' lang='lat' dir='ltr'><strong>describatur:</strong></span> 
     </span>
     <span class='ocr_line' id='line_1_27' title="bbox 333 3522 2359 3608; baseline -0.002 -16"><span class='ocrx_word' id='word_1_214' title='bbox 333 3525 564 3603; x_wconf 79' lang='grc' dir='ltr'><strong><em>Ῥητέον</em></strong></span> <span class='ocrx_word' id='word_1_215' title='bbox 613 3525 702 3601; x_wconf 81' lang='grc' dir='ltr'><strong>δὲ,</strong></span> <span class='ocrx_word' id='word_1_216' title='bbox 741 3522 781 3590; x_wconf 76' lang='grc' dir='ltr'><em>ὦ</em></span> <span class='ocrx_word' id='word_1_217' title='bbox 823 3528 1107 3608; x_wconf 79' lang='grc' dir='ltr'><strong><em>Διονύσιε,</em></strong></span> <span class='ocrx_word' id='word_1_218' title='bbox 1156 3524 1253 3590; x_wconf 74' lang='grc' dir='ltr'><strong>καὶ</strong></span> <span class='ocrx_word' id='word_1_219' title='bbox 1287 3527 1353 3590; x_wconf 76' lang='grc' dir='ltr'><strong>τὸ</strong></span> <span class='ocrx_word' id='word_1_220' title='bbox 1393 3526 1486 3589; x_wconf 73' lang='grc' dir='ltr'><strong>ἐπὶ</strong></span> <span class='ocrx_word' id='word_1_221' title='bbox 1511 3524 1693 3606; x_wconf 80' lang='grc' dir='ltr'><strong><em>τούτῳ</em></strong></span> <span class='ocrx_word' id='word_1_222' title='bbox 1716 3524 1851 3590; x_wconf 82' lang='grc' dir='ltr'><strong><em>τότε</em></strong></span> <span class='ocrx_word' id='word_1_223' title='bbox 1874 3522 2085 3604; x_wconf 81' lang='grc' dir='ltr'><strong><em>λεχθέν</em></strong></span> <span class='ocrx_word' id='word_1_224' title='bbox 2106 3570 2121 3587; x_wconf 93' lang='grc'><strong>.</strong></span> <span class='ocrx_word' id='word_1_225' title='bbox 2149 3522 2359 3602; x_wconf 77' lang='grc' dir='ltr'><strong><em>ἠρόμην</em></strong></span> 
     </span>
     <span class='ocr_line' id='line_1_28' title="bbox 332 3624 2357 3724; baseline -0.002 -15"><span class='ocrx_word' id='word_1_226' title='bbox 332 3646 426 3723; x_wconf 75' lang='grc' dir='ltr'><strong>δη,</strong></span> <span class='ocrx_word' id='word_1_227' title='bbox 460 3645 689 3724; x_wconf 75' lang='grc' dir='ltr'><strong><em>πότερον</em></strong></span> <span class='ocrx_word' id='word_1_228' title='bbox 725 3645 869 3710; x_wconf 82' lang='grc' dir='ltr'><strong><em>αὐτὸ</em></strong></span> <span class='ocrx_word' id='word_1_229' title='bbox 905 3644 1077 3709; x_wconf 78' lang='grc' dir='ltr'><strong><em>τοῦτο’</em></strong></span> <span class='ocrx_word' id='word_1_230' title='bbox 1109 3668 1192 3709; x_wconf 86' lang='grc' dir='ltr'><strong>σοι</strong></span> <span class='ocrx_word' id='word_1_231' title='bbox 1228 3642 1735 3721; x_wconf 77' lang='grc' dir='ltr'><strong><em>ξυμβουλεύσαιμι</em></strong></span> <span class='ocrx_word' id='word_1_232' title='bbox 1760 3643 1923 3721; x_wconf 87' lang='grc' dir='ltr'><strong><em>μόνον</em></strong></span> <span class='ocrx_word' id='word_1_233' title='bbox 1948 3643 1980 3719; x_wconf 77' lang='grc' dir='ltr'>ἤ</span> <span class='ocrx_word' id='word_1_234' title='bbox 2004 3668 2059 3707; x_wconf 78' lang='grc' dir='ltr'><strong>τι</strong></span> <span class='ocrx_word' id='word_1_235' title='bbox 2083 3640 2181 3706; x_wconf 73' lang='grc' dir='ltr'><strong>καὶ</strong></span> <span class='ocrx_word' id='word_1_236' title='bbox 2206 3624 2357 3706; x_wconf 76' lang='grc' dir='ltr'><strong><em>ἄλλο</em></strong></span> 
     </span>
     <span class='ocr_line' id='line_1_29' title="bbox 333 3760 2354 3844; baseline -0.002 -15"><span class='ocrx_word' id='word_1_237' title='bbox 333 3766 477 3843; x_wconf 77' lang='grc' dir='ltr'><strong>πρὸς</strong></span> <span class='ocrx_word' id='word_1_238' title='bbox 511 3762 693 3842; x_wconf 68' lang='grc' dir='ltr'><strong><em>τούτῳ</em></strong></span> <span class='ocrx_word' id='word_1_239' title='bbox 711 3809 727 3827; x_wconf 89' lang='grc'><strong>.</strong></span> <span class='ocrx_word' id='word_1_240' title='bbox 764 3764 838 3827; x_wconf 84' lang='grc' dir='ltr'><strong>σὺ</strong></span> <span class='ocrx_word' id='word_1_241' title='bbox 871 3762 1050 3827; x_wconf 75' lang='grc' dir='ltr'><strong><em>δὲκαὶ</em></strong></span> <span class='ocrx_word' id='word_1_242' title='bbox 1075 3763 1226 3840; x_wconf 75' lang='grc' dir='ltr'><strong><em>μαλ’</em></strong></span> <span class='ocrx_word' id='word_1_243' title='bbox 1249 3761 1529 3844; x_wconf 68' lang='grc' dir='ltr'><strong><em>ἀπεκρίνω</em></strong></span> <span class='ocrx_word' id='word_1_244' title='bbox 1554 3762 1950 3839; x_wconf 68' lang='grc' dir='ltr'><strong><em>μεμηνιμένως</em></strong></span> <span class='ocrx_word' id='word_1_245' title='bbox 1974 3761 2072 3825; x_wconf 78' lang='grc' dir='ltr'><strong>καὶ</strong></span> <span class='ocrx_word' id='word_1_246' title='bbox 2100 3760 2354 3839; x_wconf 77' lang='grc' dir='ltr'><strong><em>ὑβριστι-</em></strong></span> 
     </span>
     <span class='ocr_line' id='line_1_30' title="bbox 329 3878 2351 3969; baseline -0.002 -20"><span class='ocrx_word' id='word_1_247' title='bbox 329 3888 449 3952; x_wconf 70' lang='grc' dir='ltr'><strong>κῶς</strong></span> <span class='ocrx_word' id='word_1_248' title='bbox 494 3885 574 3956; x_wconf 82' lang='grc' dir='ltr'><strong>εἷς</strong></span> <span class='ocrx_word' id='word_1_249' title='bbox 619 3884 753 3966; x_wconf 78' lang='grc' dir='ltr'><strong>ἐμὲ,</strong></span> <span class='ocrx_word' id='word_1_250' title='bbox 800 3884 873 3955; x_wconf 79' lang='grc' dir='ltr'><strong>ὡς</strong></span> <span class='ocrx_word' id='word_1_251' title='bbox 918 3880 1051 3964; x_wconf 78' lang='grc' dir='ltr'><strong><em>ᾤου,</em></strong></span> <span class='ocrx_word' id='word_1_252' title='bbox 1097 3883 1175 3947; x_wconf 80' lang='grc' dir='ltr'><strong>διὸ</strong></span> <span class='ocrx_word' id='word_1_253' title='bbox 1221 3884 1286 3947; x_wconf 84' lang='grc' dir='ltr'><strong>τὸ</strong></span> <span class='ocrx_word' id='word_1_254' title='bbox 1330 3882 1466 3947; x_wconf 77' lang='grc' dir='ltr'><strong><em>τότε</em></strong></span> <span class='ocrx_word' id='word_1_255' title='bbox 1511 3882 1596 3947; x_wconf 75' lang='grc' dir='ltr'><strong>σοὶ</strong></span> <span class='ocrx_word' id='word_1_256' title='bbox 1634 3880 1895 3962; x_wconf 76' lang='grc' dir='ltr'><strong><em>ὕβρισμα</em></strong></span> <span class='ocrx_word' id='word_1_257' title='bbox 1927 3886 2021 3945; x_wconf 80' lang='grc' dir='ltr'><strong>νῦν</strong></span> <span class='ocrx_word' id='word_1_258' title='bbox 2048 3878 2198 3959; x_wconf 77' lang='grc' dir='ltr'><strong><em>ὕπαρ</em></strong></span> <span class='ocrx_word' id='word_1_259' title='bbox 2220 3882 2351 3969; x_wconf 51' lang='grc' dir='ltr'><strong><em>ἀντ’</em></strong></span> 
     </span>
    </p>
   </div>
   <div class='ocr_carea' id='block_1_3' title="bbox 335 4046 680 4057">
    <p class='ocr_par' dir='ltr' id='par_1_5' title="bbox 335 4046 680 4057">
     <span class='ocr_line' id='line_1_31' title="bbox 335 4046 680 4057; baseline 0 1010"><span class='ocrx_word' id='word_1_260' title='bbox 335 4046 680 4057; x_wconf 95' lang='lat' dir='ltr'><strong> </strong></span> 
     </span>
    </p>
   </div>
   <div class='ocr_carea' id='block_1_4' title="bbox 405 4148 2357 4299">
    <p class='ocr_par' dir='ltr' id='par_1_6' title="bbox 405 4148 2357 4299">
     <span class='ocr_line' id='line_1_32' title="bbox 405 4148 2357 4216; baseline -0.001 -17"><span class='ocrx_word' id='word_1_261' title='bbox 405 4151 456 4212; x_wconf 93' lang='grc'><strong>1)</strong></span> <span class='ocrx_word' id='word_1_262' title='bbox 491 4150 657 4200; x_wconf 83' lang='lat' dir='ltr'><strong>Simile</strong></span> <span class='ocrx_word' id='word_1_263' title='bbox 690 4155 762 4202; x_wconf 81' lang='lat' dir='ltr'><strong>est</strong></span> <span class='ocrx_word' id='word_1_264' title='bbox 796 4151 1074 4202; x_wconf 84' lang='lat' dir='ltr'><strong>vocabulum</strong></span> <span class='ocrx_word' id='word_1_265' title='bbox 1109 4152 1234 4215; x_wconf 85' lang='lat' dir='ltr'><strong>quod</strong></span> <span class='ocrx_word' id='word_1_266' title='bbox 1269 4150 1444 4216; x_wconf 82' lang='lat' dir='ltr'><strong>legitur</strong></span> <span class='ocrx_word' id='word_1_267' title='bbox 1477 4149 1530 4199; x_wconf 88' lang='lat' dir='ltr'><strong>in</strong></span> <span class='ocrx_word' id='word_1_268' title='bbox 1563 4148 1789 4213; x_wconf 77' lang='lat' dir='ltr'><strong>Ep.v[1,</strong></span> <span class='ocrx_word' id='word_1_269' title='bbox 1813 4164 1860 4212; x_wconf 87' lang='lat' dir='ltr'><strong>p.</strong></span> <span class='ocrx_word' id='word_1_270' title='bbox 1895 4148 1991 4196; x_wconf 82' lang='lat'><strong>350</strong></span> <span class='ocrx_word' id='word_1_271' title='bbox 2010 4148 2066 4205; x_wconf 81' lang='lat' dir='ltr'><strong>C,</strong></span> <span class='ocrx_word' id='word_1_272' title='bbox 2087 4150 2357 4215; x_wconf 31' lang='grc' dir='ltr'><strong><em>ξεναπατία-</em></strong></span> 
     </span>
     <span class='ocr_line' id='line_1_33' title="bbox 2084 4244 2119 4299; baseline 0 0"><span class='ocrx_word' id='word_1_273' title='bbox 2084 4244 2119 4299; x_wconf 88' lang='grc'><strong>7</strong></span> 
     </span>
    </p>
   </div>
  </div>
 </body>
</html>
