3025 5067
1662 364 1741 424 60

697 571 1056 635 ostentandi.
1159 570 1410 634 Praeter·
1472 571 1638 635 hunc
1696 570 1901 634 locum
1962 570 2353 656 splendidum
2416 570 2709 633 orationis

695 690 1039 774 exemplum
1084 696 1177 754 est
1220 689 1415 774 Epist.
1466 687 1629 752 VIII
1647 739 1666 767 ,
1715 713 1776 775 p.
1826 692 1974 752 355.
2070 688 2392 772 Colloquia
2436 689 2713 753 inserun-

693 814 796 871 tur
841 831 899 893 p.
950 810 1077 872 346
1119 808 1208 871 A:
1272 807 1436 881 Ἐμοὶ
1482 808 1586 872 καί
1628 832 1743 891 σοι,
1795 808 1977 889 Δίων,
2027 809 2179 890 ἔφη,
2226 807 2366 873 κτὲ.
2416 806 2559 871 ibid.
2611 806 2707 869 D:

691 927 861 1008 φέρε,
931 928 978 992 εἰ
1047 927 1348 992 διανοεῖται
1417 928 1519 991 κτὲ
1538 976 1553 991 .
1623 927 1945 1013 praecipue
2013 949 2071 1012 p.
2138 928 2264 990 348
2314 924 2398 991 C:
2454 927 2710 992 Πλάτων

692 1046 844 1129 γὰρ,
892 1046 1042 1129 ἔφη,
1091 1053 1153 1110 et
1198 1068 1352 1130 quae
1399 1053 1759 1129 sequuntur.
1832 1045 1924 1110 Cf.
1974 1045 2172 1130 Epist.
2207 1044 2348 1123 III,
2381 1067 2441 1130 p.
2476 1046 2709 1129 31111)

691 1162 838 1228 Non
899 1186 1048 1249 opus
1108 1188 1234 1229 esse
1292 1164 1503 1249 putavi
1566 1170 1763 1229 totum
1823 1165 2026 1229 locum
2081 1163 2417 1228 describere
2431 1213 2451 1242 ,
2506 1164 2710 1248 ipsum

690 1280 932 1346 initium
996 1282 1123 1367 jam
1191 1282 1334 1345 satis
1401 1281 1864 1347 declamatorem
1934 1282 2074 1347 olet.
2166 1281 2410 1360 „Venio
2479 1281 2556 1345 ad
2607 1289 2667 1345 te
2683 1331 2705 1358 ,

691 1399 892 1483 inquit
905 1449 924 1477 ,
966 1421 1001 1462 0
1040 1399 1214 1463 Plato
1229 1450 1248 1477 ,
1289 1422 1413 1463 non
1457 1398 1759 1485 peditibus
1808 1400 2052 1463 armatis
2084 1422 2266 1484 egens
2294 1421 2408 1464 nec
2434 1399 2709 1483 equitum

693 1517 935 1602 indigus
995 1518 1072 1581 ad
1133 1518 1543 1583 defendendos
1596 1518 1869 1583 inimicos
1885 1568 1903 1596 ‚
1952 1518 2056 1583 sed
2106 1518 2427 1583 verborum
2474 1526 2535 1582 et
2577 1540 2710 1603 per-

691 1636 1054 1700 suasioniS.’'
1123 1636 1306 1701 Putes
1353 1660 1490 1701 eum
1544 1636 1773 1721 alloqui
1818 1626 1943 1700 11011
1990 1637 2419 1723 philosophum
2448 1637 2514 1699 111
2545 1636 2709 1699 horti

691 1753 907 1819 umbra
978 1754 1324 1839 degentem,
1395 1755 1501 1819 sed
1560 1753 1899 1841 principem
1960 1754 2222 1839 aliquem
2282 1753 2539 1819 civitatis
2601 1763 2709 1819 aut

691 1895 894 1957 regem
907 1922 927 1951 ,
976 1874 1083 1957 qui
1125 1873 1358 1957 magnis
1404 1873 1765 1938 exercitibus
1811 1874 2146 1959 imperaret.
2216 1872 2451 1937 Omitto
2497 1873 2707 1937 inanes

693 1998 754 2056 et
811 1991 1060 2077 frigidas
1111 1992 1432 2057 verborum
1475 1993 1859 2079 repetitiones
1906 2001 1967 2058 et
2010 1994 2362 2059 antitheses:
2411 1994 2667 2071 δεόμενος
2678 2044 2703 2077 ‚

693 2110 874 2184 ἐνδεὴς
941 2110 1264 2188 γενόμενος,
1335 2111 1581 2176 ὁπλιτῶν
1639 2112 1751 2177 οὐδ’
1801 2112 2055 2190 ἱππέων,
2094 2112 2285 2190 λόγων
2328 2111 2428 2177 καὶ
2473 2114 2696 2183 πειθοῦς

691 2232 1088 2314 (postremum
1125 2228 1241 2293 hoc
1285 2229 1466 2294 modo
1513 2229 1744 2315 attigi);
1792 2230 1975 2315 paulo
2017 2236 2155 2315 post
2198 2230 2499 2295 iterantur
2543 2230 2705 2295 κατὰ

692 2348 758 2412 τὸ
824 2349 922 2413 σὸν
988 2348 1152 2427 μέρος
1215 2355 1274 2412 et
1333 2348 1497 2427 μέρος
1555 2348 1679 2414 ὅσον
1738 2349 1838 2415 ἐπί
1894 2374 1977 2415 σοι
2039 2348 2302 2427 γέγονεν,
2374 2356 2434 2413 et
2479 2348 2705 2434 passim

692 2467 810 2531 alia
823 2517 844 2545 ,
893 2488 1044 2551 quae
1091 2468 1349 2552 quisque
1393 2468 1737 2533 admonitus
1783 2475 1994 2554 sponte
2040 2468 2491 2533 animadvertat.

781 2584 1080 2649 Absoluta
1123 2591 1326 2650 autem
1371 2585 1588 2650 Dionis
1633 2586 1935 2664 oratione,
1986 2586 2073 2650 sic
2102 2586 2329 2671 pergit:
2362 2584 2705 2666 Λεχθέντων

694 2703 753 2767 δὲ
809 2704 1024 2769 τούτων
1073 2705 1164 2777 τίς
1209 2702 1281 2769 ἂν
1327 2702 1390 2780 ἦν
1435 2728 1533 2783 μοι
1578 2704 1715 2784 πρὸς
1759 2710 1959 2770 ταῦτα
2006 2706 2322 2785 εὐσχήμων
2372 2702 2667 2785 ἀπόκρισις
2682 2730 2703 2782 ;

691 2822 792 2886 οὐκ
851 2822 1003 2887 ἔστιν
1059 2818 1202 2907 (ἦν),
1261 2826 1404 2888 ἀλλ’
1450 2818 1613 2897 ἦλθον
1656 2823 1763 2901 μὲν
1807 2824 2000 2888 κατα
2051 2822 2265 2901 λόγον
2310 2824 2380 2887 ἐν
2432 2821 2584 2903 Bne&
2629 2846 2707 2886 τε

691 2941 786 3011 ὡς,
834 2934 968 3005 οἷόν
1026 2966 1104 3006 τε
1162 2942 1488 3023 ἀνθρώπῳ
1541 2940 1894 3020 μάλιστα.
1998 2941 2173 3021 Quae
2216 2940 2537 3005 verborum
2584 2964 2704 3005 am-

691 3057 927 3143 pullae!
993 3057 1329 3123 Grandiora
1375 3058 1558 3123 etiam
1602 3066 1747 3123 sunt
1790 3082 1943 3144 quae
1992 3064 2369 3142 sequuntur:
2418 3058 2591 3123 ἐλθών
2637 3082 2701 3121 τε

692 3176 942 3255 ἐμαυτὸν
996 3176 1349 3257 ἠλευθέρωσα
1409 3176 1546 3249 Διὸς
1600 3175 1779 3253 ξενίου
1830 3177 1929 3264 ιςαὶ
1974 3176 2302 3261 φιλοσόφου
2347 3176 2700 3254 ἀνέγκλητον

691 3294 890 3375 μοίρας
929 3295 1239 3377 παρέσχον.
1281 3296 1499 3360 Dicere
1530 3296 1692 3360 vult:
1735 3295 2213 3382 „proficiscendo
2243 3294 2571 3380 Syracusas
2605 3295 2699 3359 de-

695 3413 890 3477 bitum
937 3420 998 3477 et
1043 3414 1340 3478 amicitiae
1380 3422 1440 3478 et
1471 3413 1894 3501 philosophiae
1926 3415 2191 3479 officium
2224 3414 2485 3499 persolvi
2506 3414 2565 3477 :”
2596 3435 2703 3499 pro

694 3551 816 3614 quo
861 3536 1146 3612 τραγικῶς
1193 3531 1375 3597 dicit:
1433 3532 1730 3613 „liberavi
1772 3556 1869 3598 me
1914 3533 2205 3619 religione
2252 3539 2314 3596 et
2355 3532 2523 3596 Iovis
2570 3532 2704 3595 hos-

692 3649 896 3735 pitalis
957 3658 1018 3716 et
1077 3650 1248 3715 divae
1292 3651 1779 3737 philosophiae.”
1868 3651 2030 3717 Nam
2084 3656 2117 3729 ἧ
2164 3652 2485 3735 φιλόσοφος
2532 3658 2701 3731 μοῖρα

693 3767 892 3853 posita
959 3769 1136 3853 juxta
1197 3769 1318 3835 Δία
1371 3768 1545 3847 ξένιον
1605 3770 1941 3855 significare
1996 3770 2236 3834 videtur
2296 3792 2502 3833 numen
2564 3774 2705 3833 tute-

762 4056 810 4117 1)
853 4055 1034 4115 Zeller‚
1085 4055 1274 4105 Platon.
1325 4056 1464 4105 stud.
1509 4070 1559 4119 p.
1610 4054 1699 4115 79,
1748 4056 1959 4105 eiusdem
2003 4055 2191 4105 artificii
2240 4054 2454 4104 studium
2496 4054 2549 4103 in
2597 4052 2701 4103 1³1⁸-

696 4150 822 4199 tonis
854 4150 1059 4215 Legibus
1093 4151 1321 4215 reperisse
1355 4150 1447 4199 sibi
1482 4150 1687 4200 videtur.
