<?xml version="1.0" encoding="UTF-8"?>
<!DOCTYPE html PUBLIC "-//W3C//DTD XHTML 1.0 Transitional//EN"
    "http://www.w3.org/TR/xhtml1/DTD/xhtml1-transitional.dtd">
<html xmlns="http://www.w3.org/1999/xhtml" xml:lang="en" lang="en">
 <head>
  <title>
</title>
<meta http-equiv="Content-Type" content="text/html;charset=utf-8" />
  <meta name='ocr-system' content='tesseract 3.04.00' />
  <meta name='ocr-capabilities' content='ocr_page ocr_carea ocr_par ocr_line ocrx_word'/>
</head>
<body>
  <div class='ocr_page' id='page_1' title='image "./commentatiocrit02karsgoog_0125.png"; bbox 0 0 3025 5067; ppageno 0'>
   <div class='ocr_carea' id='block_1_1' title="bbox 1302 408 1416 468">
    <p class='ocr_par' dir='ltr' id='par_1_1' title="bbox 1302 408 1416 468">
     <span class='ocr_line' id='line_1_1' title="bbox 1302 408 1416 468; baseline 0 -1"><span class='ocrx_word' id='word_1_1' title='bbox 1302 408 1416 468; x_wconf 76' lang='lat'>105</span> 
     </span>
    </p>
   </div>
   <div class='ocr_carea' id='block_1_2' title="bbox 315 610 2359 2362">
    <p class='ocr_par' dir='ltr' id='par_1_2' title="bbox 315 610 2359 2362">
     <span class='ocr_line' id='line_1_2' title="bbox 339 610 2349 697; baseline -0.002 -19"><span class='ocrx_word' id='word_1_2' title='bbox 339 614 441 678; x_wconf 77' lang='grc' dir='ltr'>οὶεὶ</span> <span class='ocrx_word' id='word_1_3' title='bbox 488 619 604 697; x_wconf 72' lang='grc' dir='ltr'>χρὴ</span> <span class='ocrx_word' id='word_1_4' title='bbox 640 666 653 679; x_wconf 95' lang='grc'><strong>.</strong></span> <span class='ocrx_word' id='word_1_5' title='bbox 693 665 704 678; x_wconf 94' lang='grc'><strong>.</strong></span> <span class='ocrx_word' id='word_1_6' title='bbox 743 666 758 680; x_wconf 92' lang='grc'><strong>.</strong></span> <span class='ocrx_word' id='word_1_7' title='bbox 807 618 1014 686; x_wconf 61' lang='grc' dir='ltr'><em>αὐτοὺς</em></span> <span class='ocrx_word' id='word_1_8' title='bbox 1068 618 1123 679; x_wconf 84' lang='grc' dir='ltr'>ἐν</span> <span class='ocrx_word' id='word_1_9' title='bbox 1171 616 1362 686; x_wconf 74' lang='grc' dir='ltr'><em>αὐτοῖς</em></span> <span class='ocrx_word' id='word_1_10' title='bbox 1408 612 1616 692; x_wconf 72' lang='grc' dir='ltr'><em>ἄνδρας</em></span> <span class='ocrx_word' id='word_1_11' title='bbox 1662 622 1945 694; x_wconf 55' lang='grc' dir='ltr'><em>προκρῖναι</em></span> <span class='ocrx_word' id='word_1_12' title='bbox 1984 617 2095 676; x_wconf 85' lang='grc' dir='ltr'>τῶν</span> <span class='ocrx_word' id='word_1_13' title='bbox 2116 610 2313 675; x_wconf 73' lang='grc' dir='ltr'><em>ἄλλων</em></span> <span class='ocrx_word' id='word_1_14' title='bbox 2332 663 2349 685; x_wconf 86' lang='grc'><em>,</em></span> 
     </span>
     <span class='ocr_line' id='line_1_3' title="bbox 337 730 2351 814; baseline -0.001 -16"><span class='ocrx_word' id='word_1_15' title='bbox 337 730 440 804; x_wconf 81' lang='grc' dir='ltr'>οὓς</span> <span class='ocrx_word' id='word_1_16' title='bbox 503 732 575 797; x_wconf 68' lang='grc' dir='ltr'>ἂν</span> <span class='ocrx_word' id='word_1_17' title='bbox 622 735 1009 799; x_wconf 66' lang='grc' dir='ltr'><em>πυνθάνωνται</em></span> <span class='ocrx_word' id='word_1_18' title='bbox 1073 734 1333 814; x_wconf 78' lang='grc' dir='ltr'><em>οὶρίστους</em></span> <span class='ocrx_word' id='word_1_19' title='bbox 1392 733 1560 805; x_wconf 71' lang='grc' dir='ltr'><em>ὄντας</em></span> <span class='ocrx_word' id='word_1_20' title='bbox 1579 785 1597 807; x_wconf 89' lang='grc'><em>,</em></span> <span class='ocrx_word' id='word_1_21' title='bbox 1661 738 1873 814; x_wconf 81' lang='grc' dir='ltr'><em>πρῶτον</em></span> <span class='ocrx_word' id='word_1_22' title='bbox 1920 731 2026 807; x_wconf 83' lang='grc' dir='ltr'>μὲν</span> <span class='ocrx_word' id='word_1_23' title='bbox 2079 731 2351 811; x_wconf 65' lang='grc' dir='ltr'><em>γέροντας</em></span> 
     </span>
     <span class='ocr_line' id='line_1_4' title="bbox 336 850 2347 937; baseline 0.001 -22"><span class='ocrx_word' id='word_1_24' title='bbox 336 853 470 917; x_wconf 80' lang='grc' dir='ltr'>κτέ.</span> <span class='ocrx_word' id='word_1_25' title='bbox 560 852 720 916; x_wconf 91' lang='lat' dir='ltr'>Item</span> <span class='ocrx_word' id='word_1_26' title='bbox 765 875 920 937; x_wconf 91' lang='lat' dir='ltr'>quae</span> <span class='ocrx_word' id='word_1_27' title='bbox 964 852 1084 916; x_wconf 92' lang='lat' dir='ltr'>Dio</span> <span class='ocrx_word' id='word_1_28' title='bbox 1131 853 1231 916; x_wconf 89' lang='lat' dir='ltr'>hie</span> <span class='ocrx_word' id='word_1_29' title='bbox 1278 852 1352 916; x_wconf 90' lang='lat' dir='ltr'>de</span> <span class='ocrx_word' id='word_1_30' title='bbox 1399 874 1510 916; x_wconf 91' lang='lat' dir='ltr'>sua</span> <span class='ocrx_word' id='word_1_31' title='bbox 1570 850 1882 915; x_wconf 84' lang='lat' dir='ltr'>voluntate</span> <span class='ocrx_word' id='word_1_32' title='bbox 1941 850 2091 915; x_wconf 91' lang='lat' dir='ltr'>dicit</span> <span class='ocrx_word' id='word_1_33' title='bbox 2135 874 2193 935; x_wconf 89' lang='lat' dir='ltr'>p.</span> <span class='ocrx_word' id='word_1_34' title='bbox 2223 852 2347 917; x_wconf 81' lang='lat'>357</span> 
     </span>
     <span class='ocr_line' id='line_1_5' title="bbox 341 970 2353 1053; baseline -0.001 -18"><span class='ocrx_word' id='word_1_35' title='bbox 341 974 438 1035; x_wconf 90' lang='lat' dir='ltr'>A:</span> <span class='ocrx_word' id='word_1_36' title='bbox 487 973 652 1036; x_wconf 73' lang='grc' dir='ltr'><em>ταῦθ’</em></span> <span class='ocrx_word' id='word_1_37' title='bbox 697 974 830 1050; x_wconf 80' lang='grc' dir='ltr'><em>ὑμῖν</em></span> <span class='ocrx_word' id='word_1_38' title='bbox 877 974 990 1051; x_wconf 71' lang='grc' dir='ltr'>ἐγὼ</span> <span class='ocrx_word' id='word_1_39' title='bbox 1037 973 1134 1036; x_wconf 70' lang='grc' dir='ltr'>καὶ</span> <span class='ocrx_word' id='word_1_40' title='bbox 1174 971 1280 1053; x_wconf 82' lang='grc' dir='ltr'>ζῶν</span> <span class='ocrx_word' id='word_1_41' title='bbox 1316 972 1585 1047; x_wconf 75' lang='grc' dir='ltr'><em>διενοήθην</em></span> <span class='ocrx_word' id='word_1_42' title='bbox 1619 971 1924 1049; x_wconf 73' lang='grc' dir='ltr'><em>γίγνεσθαι</em></span> <span class='ocrx_word' id='word_1_43' title='bbox 1963 971 2061 1035; x_wconf 77' lang='grc' dir='ltr'>κοοὶ</span> <span class='ocrx_word' id='word_1_44' title='bbox 2098 975 2194 1034; x_wconf 80' lang='grc' dir='ltr'>νῦν</span> <span class='ocrx_word' id='word_1_45' title='bbox 2230 970 2353 1034; x_wconf 77' lang='grc' dir='ltr'><em>διοι-</em></span> 
     </span>
     <span class='ocr_line' id='line_1_6' title="bbox 315 1087 2353 1175; baseline 0 -23"><span class='ocrx_word' id='word_1_46' title='bbox 315 1096 578 1167; x_wconf 69' lang='grc' dir='ltr'>ινοοῖιμοιι</span> <span class='ocrx_word' id='word_1_47' title='bbox 649 1092 750 1155; x_wconf 81' lang='grc' dir='ltr'>κτέ</span> <span class='ocrx_word' id='word_1_48' title='bbox 777 1141 790 1153; x_wconf 94' lang='grc'><strong>.</strong></span> <span class='ocrx_word' id='word_1_49' title='bbox 855 1091 1003 1154; x_wconf 89' lang='lat' dir='ltr'>haec</span> <span class='ocrx_word' id='word_1_50' title='bbox 1065 1112 1344 1175; x_wconf 85' lang='lat' dir='ltr'>expressa</span> <span class='ocrx_word' id='word_1_51' title='bbox 1389 1096 1535 1153; x_wconf 91' lang='lat' dir='ltr'>sunt</span> <span class='ocrx_word' id='word_1_52' title='bbox 1582 1112 1654 1153; x_wconf 82' lang='lat' dir='ltr'>ex</span> <span class='ocrx_word' id='word_1_53' title='bbox 1697 1089 1773 1152; x_wconf 89' lang='lat' dir='ltr'>iis</span> <span class='ocrx_word' id='word_1_54' title='bbox 1822 1111 1975 1172; x_wconf 88' lang='lat' dir='ltr'>quae</span> <span class='ocrx_word' id='word_1_55' title='bbox 2020 1088 2096 1153; x_wconf 92' lang='lat' dir='ltr'>de</span> <span class='ocrx_word' id='word_1_56' title='bbox 2142 1087 2353 1153; x_wconf 90' lang='lat' dir='ltr'>eodem</span> 
     </span>
     <span class='ocr_line' id='line_1_7' title="bbox 340 1206 2354 1293; baseline 0.001 -22"><span class='ocrx_word' id='word_1_57' title='bbox 340 1209 571 1293; x_wconf 87' lang='lat' dir='ltr'>scripta</span> <span class='ocrx_word' id='word_1_58' title='bbox 617 1216 764 1273; x_wconf 90' lang='lat' dir='ltr'>suut</span> <span class='ocrx_word' id='word_1_59' title='bbox 809 1209 874 1273; x_wconf 86' lang='lat' dir='ltr'>in</span> <span class='ocrx_word' id='word_1_60' title='bbox 919 1208 1111 1293; x_wconf 92' lang='lat' dir='ltr'>Epist.</span> <span class='ocrx_word' id='word_1_61' title='bbox 1161 1207 1325 1286; x_wconf 87' lang='lat' dir='ltr'>VII,</span> <span class='ocrx_word' id='word_1_62' title='bbox 1373 1232 1432 1293; x_wconf 88' lang='lat' dir='ltr'>p.</span> <span class='ocrx_word' id='word_1_63' title='bbox 1483 1210 1611 1271; x_wconf 83' lang='lat'>335</span> <span class='ocrx_word' id='word_1_64' title='bbox 1659 1206 1745 1271; x_wconf 83' lang='lat' dir='ltr'>E:</span> <span class='ocrx_word' id='word_1_65' title='bbox 1839 1207 2035 1273; x_wconf 81' lang='grc' dir='ltr'>Δίωνοι</span> <span class='ocrx_word' id='word_1_66' title='bbox 2066 1207 2184 1288; x_wconf 68' lang='grc' dir='ltr'>γὰρ</span> <span class='ocrx_word' id='word_1_67' title='bbox 2240 1209 2354 1285; x_wconf 68' lang='grc' dir='ltr'>ἐγὼ</span> 
     </span>
     <span class='ocr_line' id='line_1_8' title="bbox 338 1324 2355 1409; baseline 0 -18"><span class='ocrx_word' id='word_1_68' title='bbox 338 1332 556 1409; x_wconf 67' lang='grc' dir='ltr'><em>σαφῶς</em></span> <span class='ocrx_word' id='word_1_69' title='bbox 607 1324 739 1392; x_wconf 63' lang='grc' dir='ltr'>οἶδα</span> <span class='ocrx_word' id='word_1_70' title='bbox 765 1378 780 1394; x_wconf 92' lang='grc'><strong>.</strong></span> <span class='ocrx_word' id='word_1_71' title='bbox 810 1380 825 1394; x_wconf 92' lang='grc'><strong>.</strong></span> <span class='ocrx_word' id='word_1_72' title='bbox 855 1379 869 1394; x_wconf 93' lang='grc'><em>.</em></span> <span class='ocrx_word' id='word_1_73' title='bbox 926 1326 1009 1393; x_wconf 74' lang='grc' dir='ltr'>ὅτι</span> <span class='ocrx_word' id='word_1_74' title='bbox 1069 1330 1170 1403; x_wconf 73' lang='grc' dir='ltr'>την</span> <span class='ocrx_word' id='word_1_75' title='bbox 1228 1329 1416 1408; x_wconf 71' lang='grc' dir='ltr'><em>’ἀρχὴν</em></span> <span class='ocrx_word' id='word_1_76' title='bbox 1478 1329 1527 1392; x_wconf 81' lang='grc' dir='ltr'>εἰ</span> <span class='ocrx_word' id='word_1_77' title='bbox 1585 1327 1883 1406; x_wconf 66' lang='grc' dir='ltr'><em>κατέσχεν</em></span> <span class='ocrx_word' id='word_1_78' title='bbox 1909 1376 1923 1391; x_wconf 93' lang='grc'><em>.</em></span> <span class='ocrx_word' id='word_1_79' title='bbox 1954 1378 1968 1391; x_wconf 92' lang='grc'><strong>.</strong></span> <span class='ocrx_word' id='word_1_80' title='bbox 1999 1378 2012 1393; x_wconf 95' lang='grc'><strong>.</strong></span> <span class='ocrx_word' id='word_1_81' title='bbox 2075 1326 2142 1391; x_wconf 78' lang='grc' dir='ltr'>τὸ</span> <span class='ocrx_word' id='word_1_82' title='bbox 2195 1326 2355 1404; x_wconf 68' lang='grc' dir='ltr'><em>μετὰ</em></span> 
     </span>
     <span class='ocr_line' id='line_1_9' title="bbox 339 1445 2354 1529; baseline -0.001 -18"><span class='ocrx_word' id='word_1_83' title='bbox 339 1450 504 1511; x_wconf 78' lang='grc' dir='ltr'><em>τοῦτ’</em></span> <span class='ocrx_word' id='word_1_84' title='bbox 563 1445 636 1511; x_wconf 68' lang='grc' dir='ltr'>ἂν</span> <span class='ocrx_word' id='word_1_85' title='bbox 682 1446 844 1528; x_wconf 65' lang='lat' dir='ltr'>mbo-n</span> <span class='ocrx_word' id='word_1_86' title='bbox 884 1473 968 1525; x_wconf 98' lang='grc' dir='ltr'>μη</span> <span class='ocrx_word' id='word_1_87' title='bbox 971 1455 1132 1529; x_wconf 58' lang='lat' dir='ltr'>xxvii</span> <span class='ocrx_word' id='word_1_88' title='bbox 1177 1446 1463 1524; x_wconf 75' lang='grc' dir='ltr'><strong><em>ἐκόσμησε</em></strong></span> <span class='ocrx_word' id='word_1_89' title='bbox 1509 1446 1695 1523; x_wconf 85' lang='grc' dir='ltr'><em>νόμοις</em></span> <span class='ocrx_word' id='word_1_90' title='bbox 1740 1453 1858 1517; x_wconf 79' lang='grc' dir='ltr'><em>τοῖς</em></span> <span class='ocrx_word' id='word_1_91' title='bbox 1907 1446 2244 1526; x_wconf 79' lang='grc' dir='ltr'><em>προσήκουσί</em></span> <span class='ocrx_word' id='word_1_92' title='bbox 2288 1471 2354 1509; x_wconf 88' lang='grc' dir='ltr'>τε</span> 
     </span>
     <span class='ocr_line' id='line_1_10' title="bbox 338 1563 2359 1646; baseline 0 -15"><span class='ocrx_word' id='word_1_93' title='bbox 338 1565 445 1631; x_wconf 70' lang='grc' dir='ltr'>καὶ</span> <span class='ocrx_word' id='word_1_94' title='bbox 506 1566 752 1645; x_wconf 76' lang='grc' dir='ltr'><em>οὶρίστοις</em></span> <span class='ocrx_word' id='word_1_95' title='bbox 811 1568 944 1638; x_wconf 84' lang='grc' dir='ltr'><em>τοὺς</em></span> <span class='ocrx_word' id='word_1_96' title='bbox 1005 1566 1280 1637; x_wconf 77' lang='grc' dir='ltr'><em>πολίταις,</em></span> <span class='ocrx_word' id='word_1_97' title='bbox 1341 1565 1410 1631; x_wconf 84' lang='grc' dir='ltr'>τό</span> <span class='ocrx_word' id='word_1_98' title='bbox 1467 1568 1524 1629; x_wconf 85' lang='grc' dir='ltr'>τ’</span> <span class='ocrx_word' id='word_1_99' title='bbox 1577 1563 1789 1646; x_wconf 76' lang='grc' dir='ltr'><strong><em>ἐφεξῆς</em></strong></span> <span class='ocrx_word' id='word_1_100' title='bbox 1850 1565 2068 1638; x_wconf 78' lang='grc' dir='ltr'><em>τούτοις</em></span> <span class='ocrx_word' id='word_1_101' title='bbox 2129 1567 2359 1644; x_wconf 77' lang='grc' dir='ltr'>προὺθυ-</span> 
     </span>
     <span class='ocr_line' id='line_1_11' title="bbox 338 1674 2358 1764; baseline 0 -17"><span class='ocrx_word' id='word_1_102' title='bbox 338 1674 516 1760; x_wconf 59' lang='grc' dir='ltr'><em>μεῖτ”</em></span> <span class='ocrx_word' id='word_1_103' title='bbox 557 1682 630 1747; x_wconf 72' lang='grc' dir='ltr'>ἂν</span> <span class='ocrx_word' id='word_1_104' title='bbox 675 1682 896 1764; x_wconf 68' lang='grc' dir='ltr'><em>πρᾶξαι</em></span> <span class='ocrx_word' id='word_1_105' title='bbox 913 1734 928 1761; x_wconf 85' lang='grc'>,</span> <span class='ocrx_word' id='word_1_106' title='bbox 975 1687 1177 1749; x_wconf 69' lang='grc' dir='ltr'><em>πᾶσαν</em></span> <span class='ocrx_word' id='word_1_107' title='bbox 1224 1685 1499 1750; x_wconf 72' lang='grc' dir='ltr'>Σικελίαν</span> <span class='ocrx_word' id='word_1_108' title='bbox 1544 1682 1878 1764; x_wconf 68' lang='grc' dir='ltr'>κατοικίζειν</span> <span class='ocrx_word' id='word_1_109' title='bbox 1924 1684 2021 1748; x_wconf 73' lang='grc' dir='ltr'>καὶ</span> <span class='ocrx_word' id='word_1_110' title='bbox 2062 1683 2358 1764; x_wconf 70' lang='grc' dir='ltr'><em>ἐλευθέραν</em></span> 
     </span>
     <span class='ocr_line' id='line_1_12' title="bbox 342 1802 2359 1887; baseline 0 -21"><span class='ocrx_word' id='word_1_111' title='bbox 342 1802 470 1866; x_wconf 66' lang='lat' dir='ltr'>oin-b</span> <span class='ocrx_word' id='word_1_112' title='bbox 513 1808 624 1867; x_wconf 78' lang='grc' dir='ltr'>τῶν</span> <span class='ocrx_word' id='word_1_113' title='bbox 672 1803 983 1883; x_wconf 66' lang='grc' dir='ltr'><em>βαρβάρων</em></span> <span class='ocrx_word' id='word_1_114' title='bbox 1027 1811 1222 1867; x_wconf 79' lang='grc' dir='ltr'>ποιεῖν.</span> <span class='ocrx_word' id='word_1_115' title='bbox 1317 1802 1540 1887; x_wconf 79' lang='lat' dir='ltr'>colligi</span> <span class='ocrx_word' id='word_1_116' title='bbox 1584 1802 1727 1867; x_wconf 87' lang='lat' dir='ltr'>inde</span> <span class='ocrx_word' id='word_1_117' title='bbox 1772 1808 2005 1887; x_wconf 90' lang='lat' dir='ltr'>potest,</span> <span class='ocrx_word' id='word_1_118' title='bbox 2047 1803 2202 1867; x_wconf 86' lang='lat' dir='ltr'>hanc</span> <span class='ocrx_word' id='word_1_119' title='bbox 2236 1803 2359 1887; x_wconf 88' lang='lat' dir='ltr'>epi-</span> 
     </span>
     <span class='ocr_line' id='line_1_13' title="bbox 342 1921 2356 2007; baseline 0 -23"><span class='ocrx_word' id='word_1_120' title='bbox 342 1921 565 1985; x_wconf 92' lang='lat' dir='ltr'>stolam</span> <span class='ocrx_word' id='word_1_121' title='bbox 627 1944 659 1985; x_wconf 93' lang='lat' dir='ltr'>e</span> <span class='ocrx_word' id='word_1_122' title='bbox 721 1922 1030 2007; x_wconf 80' lang='lat' dir='ltr'>superiore</span> <span class='ocrx_word' id='word_1_123' title='bbox 1074 1922 1318 1986; x_wconf 81' lang='lat' dir='ltr'>fluxisse</span> <span class='ocrx_word' id='word_1_124' title='bbox 1366 1929 1426 1985; x_wconf 91' lang='lat' dir='ltr'>et</span> <span class='ocrx_word' id='word_1_125' title='bbox 1469 1921 1655 1985; x_wconf 86' lang='lat' dir='ltr'>huius</span> <span class='ocrx_word' id='word_1_126' title='bbox 1711 1944 1842 1985; x_wconf 90' lang='lat' dir='ltr'>esse</span> <span class='ocrx_word' id='word_1_127' title='bbox 1888 1922 2063 2005; x_wconf 87' lang='lat' dir='ltr'>quasi</span> <span class='ocrx_word' id='word_1_128' title='bbox 2116 1921 2356 2007; x_wconf 88' lang='lat' dir='ltr'>supple-</span> 
     </span>
     <span class='ocr_line' id='line_1_14' title="bbox 339 2039 2353 2125; baseline 0 -22"><span class='ocrx_word' id='word_1_129' title='bbox 339 2046 622 2104; x_wconf 81' lang='lat' dir='ltr'><strong>mentum</strong></span> <span class='ocrx_word' id='word_1_130' title='bbox 638 2091 657 2118; x_wconf 90' lang='lat'><em>,</em></span> <span class='ocrx_word' id='word_1_131' title='bbox 748 2063 870 2124; x_wconf 90' lang='lat' dir='ltr'>quo</span> <span class='ocrx_word' id='word_1_132' title='bbox 940 2047 1301 2105; x_wconf 76' lang='lat' dir='ltr'>retractatur</span> <span class='ocrx_word' id='word_1_133' title='bbox 1355 2039 1662 2118; x_wconf 70' lang='grc' dir='ltr'><em>ξυμβουλὴ</em></span> <span class='ocrx_word' id='word_1_134' title='bbox 1724 2040 2117 2125; x_wconf 78' lang='lat' dir='ltr'>Syracusanis</span> <span class='ocrx_word' id='word_1_135' title='bbox 2179 2039 2322 2103; x_wconf 85' lang='lat' dir='ltr'>data</span> <span class='ocrx_word' id='word_1_136' title='bbox 2335 2090 2353 2118; x_wconf 92' lang='lat'><em>,</em></span> 
     </span>
     <span class='ocr_line' id='line_1_15' title="bbox 340 2157 2353 2245; baseline 0 -23"><span class='ocrx_word' id='word_1_137' title='bbox 340 2159 503 2223; x_wconf 90' lang='lat' dir='ltr'>sicut</span> <span class='ocrx_word' id='word_1_138' title='bbox 545 2158 824 2245; x_wconf 81' lang='lat' dir='ltr'>Epistola</span> <span class='ocrx_word' id='word_1_139' title='bbox 869 2158 973 2222; x_wconf 91' lang='lat' dir='ltr'>III</span> <span class='ocrx_word' id='word_1_140' title='bbox 1019 2166 1112 2223; x_wconf 91' lang='lat' dir='ltr'>est</span> <span class='ocrx_word' id='word_1_141' title='bbox 1157 2158 1334 2243; x_wconf 84' lang='lat' dir='ltr'>quasi</span> <span class='ocrx_word' id='word_1_142' title='bbox 1383 2157 1812 2243; x_wconf 83' lang='lat' dir='ltr'><strong>compendium</strong></span> <span class='ocrx_word' id='word_1_143' title='bbox 1859 2180 2068 2222; x_wconf 90' lang='lat' dir='ltr'>eorum</span> <span class='ocrx_word' id='word_1_144' title='bbox 2102 2180 2257 2243; x_wconf 85' lang='lat' dir='ltr'>quae</span> <span class='ocrx_word' id='word_1_145' title='bbox 2287 2158 2353 2222; x_wconf 92' lang='lat' dir='ltr'>in</span> 
     </span>
     <span class='ocr_line' id='line_1_16' title="bbox 339 2276 2304 2362; baseline 0.001 -22"><span class='ocrx_word' id='word_1_146' title='bbox 339 2276 540 2362; x_wconf 86' lang='lat' dir='ltr'>Epist.</span> <span class='ocrx_word' id='word_1_147' title='bbox 588 2276 720 2340; x_wconf 81' lang='lat' dir='ltr'>VII</span> <span class='ocrx_word' id='word_1_148' title='bbox 765 2276 841 2342; x_wconf 93' lang='lat' dir='ltr'>de</span> <span class='ocrx_word' id='word_1_149' title='bbox 883 2277 1155 2342; x_wconf 83' lang='lat' dir='ltr'>Platonis</span> <span class='ocrx_word' id='word_1_150' title='bbox 1201 2276 1521 2342; x_wconf 85' lang='lat' dir='ltr'>itineribus</span> <span class='ocrx_word' id='word_1_151' title='bbox 1567 2277 1633 2341; x_wconf 88' lang='lat' dir='ltr'>in</span> <span class='ocrx_word' id='word_1_152' title='bbox 1678 2276 1947 2341; x_wconf 84' lang='lat' dir='ltr'>Siciliam</span> <span class='ocrx_word' id='word_1_153' title='bbox 1993 2277 2304 2362; x_wconf 85' lang='lat' dir='ltr'>leguntur.</span> 
     </span>
    </p>
   </div>
   <div class='ocr_carea' id='block_1_3' title="bbox 431 2513 2357 2601">
    <p class='ocr_par' dir='ltr' id='par_1_3' title="bbox 431 2513 2357 2601">
     <span class='ocr_line' id='line_1_17' title="bbox 431 2513 2357 2601; baseline 0.001 -24"><span class='ocrx_word' id='word_1_154' title='bbox 431 2513 499 2578; x_wconf 86' lang='lat' dir='ltr'>Si</span> <span class='ocrx_word' id='word_1_155' title='bbox 557 2514 814 2579; x_wconf 86' lang='lat' dir='ltr'>formam</span> <span class='ocrx_word' id='word_1_156' title='bbox 876 2515 1059 2579; x_wconf 90' lang='lat' dir='ltr'>huius</span> <span class='ocrx_word' id='word_1_157' title='bbox 1121 2513 1410 2601; x_wconf 85' lang='lat' dir='ltr'>epistolae</span> <span class='ocrx_word' id='word_1_158' title='bbox 1457 2521 1693 2600; x_wconf 84' lang='lat' dir='ltr'>spectas</span> <span class='ocrx_word' id='word_1_159' title='bbox 1711 2565 1730 2592; x_wconf 90' lang='lat'><em>,</em></span> <span class='ocrx_word' id='word_1_160' title='bbox 1782 2515 1929 2579; x_wconf 88' lang='lat' dir='ltr'>haec</span> <span class='ocrx_word' id='word_1_161' title='bbox 1975 2537 2222 2599; x_wconf 88' lang='lat' dir='ltr'>prorsus</span> <span class='ocrx_word' id='word_1_162' title='bbox 2268 2537 2357 2579; x_wconf 92' lang='lat' dir='ltr'>re-</span> 
     </span>
    </p>
   </div>
   <div class='ocr_carea' id='block_1_4' title="bbox 186 2633 2359 2718">
    <p class='ocr_par' dir='ltr' id='par_1_4' title="bbox 186 2633 2359 2718">
     <span class='ocr_line' id='line_1_18' title="bbox 186 2633 2359 2718; baseline 0 -21"><span class='ocrx_word' id='word_1_163' title='bbox 186 2650 188 2656; x_wconf 89' lang='grc'><em>·</em></span> <span class='ocrx_word' id='word_1_164' title='bbox 295 2711 302 2716; x_wconf 35' lang='lat'>‚</span> <span class='ocrx_word' id='word_1_165' title='bbox 339 2634 462 2698; x_wconf 86' lang='lat' dir='ltr'>fert</span> <span class='ocrx_word' id='word_1_166' title='bbox 492 2634 860 2714; x_wconf 69' lang='grc' dir='ltr'>δημηγορίαν.</span> <span class='ocrx_word' id='word_1_167' title='bbox 930 2634 1044 2697; x_wconf 86' lang='lat' dir='ltr'>Est</span> <span class='ocrx_word' id='word_1_168' title='bbox 1075 2633 1422 2698; x_wconf 82' lang='lat' dir='ltr'>exercitatio</span> <span class='ocrx_word' id='word_1_169' title='bbox 1455 2656 1486 2697; x_wconf 92' lang='lat' dir='ltr'>e</span> <span class='ocrx_word' id='word_1_170' title='bbox 1520 2656 1737 2718; x_wconf 80' lang='lat' dir='ltr'>genere</span> <span class='ocrx_word' id='word_1_171' title='bbox 1761 2634 2142 2712; x_wconf 87' lang='lat' dir='ltr'>suasionum,</span> <span class='ocrx_word' id='word_1_172' title='bbox 2169 2634 2359 2699; x_wconf 89' lang='lat' dir='ltr'>abun-</span> 
     </span>
    </p>
   </div>
   <div class='ocr_carea' id='block_1_5' title="bbox 341 2752 2461 2837">
    <p class='ocr_par' dir='ltr' id='par_1_5' title="bbox 341 2752 2461 2837">
     <span class='ocr_line' id='line_1_19' title="bbox 341 2752 2461 2837; baseline 0 -22"><span class='ocrx_word' id='word_1_173' title='bbox 341 2752 496 2815; x_wconf 86' lang='lat' dir='ltr'>dans</span> <span class='ocrx_word' id='word_1_174' title='bbox 544 2752 893 2828; x_wconf 79' lang='lat' dir='ltr'>sententiiS,</span> <span class='ocrx_word' id='word_1_175' title='bbox 926 2752 1262 2816; x_wconf 89' lang='lat' dir='ltr'>luminibus</span> <span class='ocrx_word' id='word_1_176' title='bbox 1296 2758 1355 2816; x_wconf 88' lang='lat' dir='ltr'>et</span> <span class='ocrx_word' id='word_1_177' title='bbox 1385 2753 1617 2837; x_wconf 80' lang='lat' dir='ltr'>figuris,</span> <span class='ocrx_word' id='word_1_178' title='bbox 1681 2752 1869 2833; x_wconf 77' lang='lat' dir='ltr'>Quod</span> <span class='ocrx_word' id='word_1_179' title='bbox 1898 2752 2019 2817; x_wconf 91' lang='lat' dir='ltr'>Dio</span> <span class='ocrx_word' id='word_1_180' title='bbox 2052 2775 2124 2815; x_wconf 87' lang='lat' dir='ltr'>ex</span> <span class='ocrx_word' id='word_1_181' title='bbox 2148 2752 2356 2816; x_wconf 86' lang='lat' dir='ltr'>inferis</span> <span class='ocrx_word' id='word_1_182' title='bbox 2456 2792 2461 2796; x_wconf 84' lang='lat'><em>-</em></span> 
     </span>
    </p>
   </div>
   <div class='ocr_carea' id='block_1_6' title="bbox 331 2870 2361 4247">
    <p class='ocr_par' dir='ltr' id='par_1_6' title="bbox 331 2870 2361 4001">
     <span class='ocr_line' id='line_1_20' title="bbox 331 2870 2355 2954; baseline 0 -19"><span class='ocrx_word' id='word_1_183' title='bbox 331 2871 639 2935; x_wconf 76' lang='lat' dir='ltr'>&#39;excitatur</span> <span class='ocrx_word' id='word_1_184' title='bbox 684 2878 747 2935; x_wconf 91' lang='lat' dir='ltr'>et</span> <span class='ocrx_word' id='word_1_185' title='bbox 790 2871 1046 2954; x_wconf 87' lang='lat' dir='ltr'>loquens</span> <span class='ocrx_word' id='word_1_186' title='bbox 1098 2870 1442 2948; x_wconf 83' lang='lat' dir='ltr'>inducitur,</span> <span class='ocrx_word' id='word_1_187' title='bbox 1492 2880 1709 2936; x_wconf 89' lang='lat' dir='ltr'>notum</span> <span class='ocrx_word' id='word_1_188' title='bbox 1756 2879 1846 2935; x_wconf 89' lang='lat' dir='ltr'>est</span> <span class='ocrx_word' id='word_1_189' title='bbox 1878 2878 1940 2935; x_wconf 89' lang='lat' dir='ltr'>et</span> <span class='ocrx_word' id='word_1_190' title='bbox 1959 2870 2199 2935; x_wconf 87' lang='lat' dir='ltr'>illustre</span> <span class='ocrx_word' id='word_1_191' title='bbox 2222 2871 2355 2935; x_wconf 91' lang='lat' dir='ltr'>rhe-</span> 
     </span>
     <span class='ocr_line' id='line_1_21' title="bbox 335 2990 2358 3075; baseline 0 -22"><span class='ocrx_word' id='word_1_192' title='bbox 335 2998 542 3054; x_wconf 87' lang='lat' dir='ltr'>torum</span> <span class='ocrx_word' id='word_1_193' title='bbox 590 2990 932 3054; x_wconf 84' lang='lat' dir='ltr'>artificium.</span> <span class='ocrx_word' id='word_1_194' title='bbox 1025 2990 1250 3054; x_wconf 89' lang='lat' dir='ltr'>Inserti</span> <span class='ocrx_word' id='word_1_195' title='bbox 1295 2997 1441 3054; x_wconf 86' lang='lat' dir='ltr'>sunt</span> <span class='ocrx_word' id='word_1_196' title='bbox 1486 2990 1605 3055; x_wconf 90' lang='lat' dir='ltr'>loci</span> <span class='ocrx_word' id='word_1_197' title='bbox 1652 3012 2001 3055; x_wconf 89' lang='lat' dir='ltr'>communes</span> <span class='ocrx_word' id='word_1_198' title='bbox 2019 3040 2037 3069; x_wconf 93' lang='lat'><em>,</em></span> <span class='ocrx_word' id='word_1_199' title='bbox 2086 3012 2238 3075; x_wconf 91' lang='lat' dir='ltr'>quos</span> <span class='ocrx_word' id='word_1_200' title='bbox 2269 2991 2358 3054; x_wconf 92' lang='lat' dir='ltr'>in-</span> 
     </span>
     <span class='ocr_line' id='line_1_22' title="bbox 337 3108 2356 3194; baseline 0.001 -23"><span class='ocrx_word' id='word_1_201' title='bbox 337 3116 436 3171; x_wconf 91' lang='lat' dir='ltr'>ter</span> <span class='ocrx_word' id='word_1_202' title='bbox 497 3108 722 3172; x_wconf 90' lang='lat' dir='ltr'>eminet</span> <span class='ocrx_word' id='word_1_203' title='bbox 781 3108 986 3172; x_wconf 81' lang='lat' dir='ltr'>hicce:</span> <span class='ocrx_word' id='word_1_204' title='bbox 1050 3108 1344 3194; x_wconf 86' lang='lat' dir='ltr'>optimam</span> <span class='ocrx_word' id='word_1_205' title='bbox 1391 3132 1521 3173; x_wconf 91' lang='lat' dir='ltr'>esse</span> <span class='ocrx_word' id='word_1_206' title='bbox 1568 3109 1873 3174; x_wconf 87' lang='lat' dir='ltr'>civitatem</span> <span class='ocrx_word' id='word_1_207' title='bbox 1918 3110 1984 3174; x_wconf 88' lang='lat' dir='ltr'>in</span> <span class='ocrx_word' id='word_1_208' title='bbox 2031 3132 2153 3193; x_wconf 89' lang='lat' dir='ltr'>qua</span> <span class='ocrx_word' id='word_1_209' title='bbox 2190 3108 2356 3188; x_wconf 80' lang='grc' dir='ltr'><em>νόμος</em></span> 
     </span>
     <span class='ocr_line' id='line_1_23' title="bbox 338 3225 2356 3306; baseline 0.001 -17"><span class='ocrx_word' id='word_1_210' title='bbox 338 3225 423 3290; x_wconf 91' lang='lat' dir='ltr'>sit</span> <span class='ocrx_word' id='word_1_211' title='bbox 491 3225 777 3302; x_wconf 72' lang='grc' dir='ltr'><em>βασιλεὺς</em></span> <span class='ocrx_word' id='word_1_212' title='bbox 837 3232 947 3290; x_wconf 81' lang='grc' dir='ltr'>τῶν</span> <span class='ocrx_word' id='word_1_213' title='bbox 995 3226 1302 3305; x_wconf 65' lang='grc' dir='ltr'><em>ἀνθρώπων</em></span> <span class='ocrx_word' id='word_1_214' title='bbox 1319 3277 1332 3301; x_wconf 88' lang='grc'><em>,</em></span> <span class='ocrx_word' id='word_1_215' title='bbox 1392 3227 1532 3291; x_wconf 69' lang='grc' dir='ltr'>ἀλλ’</span> <span class='ocrx_word' id='word_1_216' title='bbox 1591 3230 1691 3292; x_wconf 84' lang='grc' dir='ltr'>οὐκ</span> <span class='ocrx_word' id='word_1_217' title='bbox 1754 3225 2025 3306; x_wconf 72' lang='grc' dir='ltr'><em>ἄνθρωποι</em></span> <span class='ocrx_word' id='word_1_218' title='bbox 2102 3226 2356 3306; x_wconf 77' lang='grc' dir='ltr'><em>τύροιννοι</em></span> 
     </span>
     <span class='ocr_line' id='line_1_24' title="bbox 337 3344 2359 3430; baseline 0 -22"><span class='ocrx_word' id='word_1_219' title='bbox 337 3344 547 3423; x_wconf 83' lang='grc' dir='ltr'><em>νόμων.</em></span> <span class='ocrx_word' id='word_1_220' title='bbox 610 3367 670 3428; x_wconf 92' lang='lat' dir='ltr'>p.</span> <span class='ocrx_word' id='word_1_221' title='bbox 737 3346 862 3407; x_wconf 79' lang='lat'>345</span> <span class='ocrx_word' id='word_1_222' title='bbox 928 3345 979 3407; x_wconf 92' lang='lat' dir='ltr'>B</span> <span class='ocrx_word' id='word_1_223' title='bbox 995 3372 1013 3422; x_wconf 84' lang='lat'>3</span> <span class='ocrx_word' id='word_1_224' title='bbox 1062 3353 1124 3410; x_wconf 92' lang='lat' dir='ltr'>et</span> <span class='ocrx_word' id='word_1_225' title='bbox 1171 3346 1278 3428; x_wconf 91' lang='lat' dir='ltr'>qui</span> <span class='ocrx_word' id='word_1_226' title='bbox 1323 3344 1507 3429; x_wconf 86' lang='lat' dir='ltr'>paulo</span> <span class='ocrx_word' id='word_1_227' title='bbox 1554 3353 1693 3430; x_wconf 87' lang='lat' dir='ltr'>post</span> <span class='ocrx_word' id='word_1_228' title='bbox 1736 3344 1993 3429; x_wconf 84' lang='lat' dir='ltr'>legitur:</span> <span class='ocrx_word' id='word_1_229' title='bbox 2044 3346 2255 3425; x_wconf 79' lang='grc' dir='ltr'><em>μετρίοι</em></span> <span class='ocrx_word' id='word_1_230' title='bbox 2300 3344 2359 3409; x_wconf 76' lang='grc' dir='ltr'>δὲ</span> 
     </span>
     <span class='ocr_line' id='line_1_25' title="bbox 338 3461 2357 3545; baseline 0 -18"><span class='ocrx_word' id='word_1_231' title='bbox 338 3467 377 3539; x_wconf 77' lang='grc' dir='ltr'><strong><em>ἦ</em></strong></span> <span class='ocrx_word' id='word_1_232' title='bbox 422 3464 526 3543; x_wconf 78' lang='grc' dir='ltr'>θεῷ</span> <span class='ocrx_word' id='word_1_233' title='bbox 571 3463 800 3528; x_wconf 70' lang='grc' dir='ltr'>δουλεία</span> <span class='ocrx_word' id='word_1_234' title='bbox 815 3514 832 3545; x_wconf 84' lang='grc'>,</span> <span class='ocrx_word' id='word_1_235' title='bbox 880 3461 1128 3542; x_wconf 75' lang='grc' dir='ltr'><em>ἄμετρος</em></span> <span class='ocrx_word' id='word_1_236' title='bbox 1174 3464 1232 3529; x_wconf 74' lang='grc' dir='ltr'>δὲ</span> <span class='ocrx_word' id='word_1_237' title='bbox 1277 3467 1310 3541; x_wconf 78' lang='grc' dir='ltr'><strong><em>ἧ</em></strong></span> <span class='ocrx_word' id='word_1_238' title='bbox 1355 3472 1472 3536; x_wconf 85' lang='grc' dir='ltr'><em>τοῖς</em></span> <span class='ocrx_word' id='word_1_239' title='bbox 1533 3465 1835 3545; x_wconf 63' lang='grc' dir='ltr'><em>ἀνθρώποις</em></span> <span class='ocrx_word' id='word_1_240' title='bbox 1862 3487 1876 3502; x_wconf 87' lang='grc'><em>·</em></span> <span class='ocrx_word' id='word_1_241' title='bbox 1924 3466 2041 3537; x_wconf 81' lang='grc' dir='ltr'>θεὸς</span> <span class='ocrx_word' id='word_1_242' title='bbox 2086 3462 2133 3527; x_wconf 77' lang='grc' dir='ltr'>δ’</span> <span class='ocrx_word' id='word_1_243' title='bbox 2155 3464 2357 3543; x_wconf 66' lang='grc' dir='ltr'><em>ὤνθρώ-</em></span> 
     </span>
     <span class='ocr_line' id='line_1_26' title="bbox 337 3580 2359 3669; baseline 0 -23"><span class='ocrx_word' id='word_1_244' title='bbox 337 3605 469 3653; x_wconf 78' lang='grc' dir='ltr'><em>ποις</em></span> <span class='ocrx_word' id='word_1_245' title='bbox 514 3582 766 3663; x_wconf 80' lang='grc' dir='ltr'><em>σώφροσι</em></span> <span class='ocrx_word' id='word_1_246' title='bbox 812 3581 977 3657; x_wconf 84' lang='grc' dir='ltr'><em>νόμος</em></span> <span class='ocrx_word' id='word_1_247' title='bbox 997 3633 1012 3657; x_wconf 92' lang='grc'><strong>,</strong></span> <span class='ocrx_word' id='word_1_248' title='bbox 1068 3580 1276 3662; x_wconf 76' lang='grc' dir='ltr'><em>ἄφροσι</em></span> <span class='ocrx_word' id='word_1_249' title='bbox 1322 3582 1380 3645; x_wconf 77' lang='grc' dir='ltr'>δὲ</span> <span class='ocrx_word' id='word_1_250' title='bbox 1425 3582 1602 3657; x_wconf 73' lang='grc' dir='ltr'><em>ἡδονή.</em></span> <span class='ocrx_word' id='word_1_251' title='bbox 1697 3582 1871 3663; x_wconf 77' lang='lat' dir='ltr'>Quae</span> <span class='ocrx_word' id='word_1_252' title='bbox 1917 3605 2056 3647; x_wconf 88' lang='lat' dir='ltr'>vero</span> <span class='ocrx_word' id='word_1_253' title='bbox 2103 3582 2179 3647; x_wconf 91' lang='lat' dir='ltr'>de</span> <span class='ocrx_word' id='word_1_254' title='bbox 2224 3584 2359 3669; x_wconf 88' lang='lat' dir='ltr'>ipsa</span> 
     </span>
     <span class='ocr_line' id='line_1_27' title="bbox 335 3699 2359 3785; baseline 0.002 -21"><span class='ocrx_word' id='word_1_255' title='bbox 335 3699 716 3785; x_wconf 87' lang='lat' dir='ltr'>reipublicae</span> <span class='ocrx_word' id='word_1_256' title='bbox 762 3700 1133 3765; x_wconf 81' lang='lat' dir='ltr'>ordinandae</span> <span class='ocrx_word' id='word_1_257' title='bbox 1177 3700 1408 3765; x_wconf 85' lang='lat' dir='ltr'>ratione</span> <span class='ocrx_word' id='word_1_258' title='bbox 1465 3700 1787 3780; x_wconf 86' lang='lat' dir='ltr'>dicuntur,</span> <span class='ocrx_word' id='word_1_259' title='bbox 1838 3725 1907 3766; x_wconf 88' lang='lat' dir='ltr'>ea</span> <span class='ocrx_word' id='word_1_260' title='bbox 1952 3710 2079 3767; x_wconf 89' lang='lat' dir='ltr'>tam</span> <span class='ocrx_word' id='word_1_261' title='bbox 2104 3703 2359 3769; x_wconf 85' lang='lat' dir='ltr'>obscure</span> 
     </span>
     <span class='ocr_line' id='line_1_28' title="bbox 337 3818 2361 3905; baseline 0.003 -24"><span class='ocrx_word' id='word_1_262' title='bbox 337 3827 402 3882; x_wconf 92' lang='lat' dir='ltr'>et</span> <span class='ocrx_word' id='word_1_263' title='bbox 465 3818 718 3882; x_wconf 87' lang='lat' dir='ltr'>confuse</span> <span class='ocrx_word' id='word_1_264' title='bbox 781 3819 1052 3905; x_wconf 89' lang='lat' dir='ltr'>exposita</span> <span class='ocrx_word' id='word_1_265' title='bbox 1111 3825 1290 3896; x_wconf 88' lang='lat' dir='ltr'>sunt,</span> <span class='ocrx_word' id='word_1_266' title='bbox 1351 3826 1422 3883; x_wconf 92' lang='lat' dir='ltr'>ut</span> <span class='ocrx_word' id='word_1_267' title='bbox 1466 3819 1562 3883; x_wconf 86' lang='lat' dir='ltr'>vel</span> <span class='ocrx_word' id='word_1_268' title='bbox 1606 3820 1749 3884; x_wconf 89' lang='lat' dir='ltr'>inde</span> <span class='ocrx_word' id='word_1_269' title='bbox 1805 3843 1930 3884; x_wconf 92' lang='lat' dir='ltr'>non</span> <span class='ocrx_word' id='word_1_270' title='bbox 1974 3844 2176 3886; x_wconf 88' lang='lat' dir='ltr'>veram</span> <span class='ocrx_word' id='word_1_271' title='bbox 2223 3846 2361 3888; x_wconf 89' lang='lat' dir='ltr'>cau-</span> 
     </span>
     <span class='ocr_line' id='line_1_29' title="bbox 336 3937 1052 4001; baseline -0.001 0"><span class='ocrx_word' id='word_1_272' title='bbox 336 3958 472 4001; x_wconf 88' lang='lat' dir='ltr'>sam</span> <span class='ocrx_word' id='word_1_273' title='bbox 518 3938 768 4001; x_wconf 86' lang='lat' dir='ltr'>tractari</span> <span class='ocrx_word' id='word_1_274' title='bbox 813 3937 1052 4001; x_wconf 81' lang='lat' dir='ltr'>efficias,</span> 
     </span>
    </p>

    <p class='ocr_par' dir='ltr' id='par_1_7' title="bbox 338 4054 2356 4247">
     <span class='ocr_line' id='line_1_30' title="bbox 431 4054 2355 4144; baseline 0.005 -26"><span class='ocrx_word' id='word_1_275' title='bbox 431 4054 511 4119; x_wconf 88' lang='lat' dir='ltr'>In</span> <span class='ocrx_word' id='word_1_276' title='bbox 573 4056 838 4121; x_wconf 86' lang='lat' dir='ltr'>dictione</span> <span class='ocrx_word' id='word_1_277' title='bbox 897 4078 1119 4141; x_wconf 87' lang='lat' dir='ltr'>magna</span> <span class='ocrx_word' id='word_1_278' title='bbox 1177 4056 1512 4120; x_wconf 90' lang='lat' dir='ltr'>similitudo</span> <span class='ocrx_word' id='word_1_279' title='bbox 1560 4065 1649 4121; x_wconf 92' lang='lat' dir='ltr'>est</span> <span class='ocrx_word' id='word_1_280' title='bbox 1695 4080 1834 4122; x_wconf 89' lang='lat' dir='ltr'>cum</span> <span class='ocrx_word' id='word_1_281' title='bbox 1882 4058 2160 4144; x_wconf 87' lang='lat' dir='ltr'>Epistola</span> <span class='ocrx_word' id='word_1_282' title='bbox 2206 4062 2355 4127; x_wconf 87' lang='lat' dir='ltr'>VII.</span> 
     </span>
     <span class='ocr_line' id='line_1_31' title="bbox 338 4172 2356 4247; baseline 0.004 -9"><span class='ocrx_word' id='word_1_283' title='bbox 338 4172 492 4239; x_wconf 89' lang='lat' dir='ltr'>Non</span> <span class='ocrx_word' id='word_1_284' title='bbox 553 4174 735 4238; x_wconf 91' lang='lat' dir='ltr'>modo</span> <span class='ocrx_word' id='word_1_285' title='bbox 797 4174 992 4239; x_wconf 90' lang='lat' dir='ltr'>simile</span> <span class='ocrx_word' id='word_1_286' title='bbox 1055 4182 1146 4239; x_wconf 87' lang='lat' dir='ltr'>est</span> <span class='ocrx_word' id='word_1_287' title='bbox 1199 4176 1518 4240; x_wconf 86' lang='lat' dir='ltr'>verborum</span> <span class='ocrx_word' id='word_1_288' title='bbox 1564 4185 1624 4240; x_wconf 90' lang='lat' dir='ltr'>et</span> <span class='ocrx_word' id='word_1_289' title='bbox 1670 4180 2109 4247; x_wconf 87' lang='lat' dir='ltr'>sententiarum</span> <span class='ocrx_word' id='word_1_290' title='bbox 2153 4182 2356 4247; x_wconf 88' lang='lat' dir='ltr'>Plato-</span> 
     </span>
    </p>
   </div>
  </div>
 </body>
</html>
