3025 5067
1598 415 1724 474 236

649 620 833 685 vitam
888 628 949 685 et
994 644 1189 683 mores
1234 620 1522 684 conviciis
1568 619 2096 697 contaminarunt,
2149 642 2283 683 eum
2317 619 2526 704 gulae,
2561 618 2662 680 de-

650 738 805 803 liciis
852 747 913 803 et
956 738 1317 803 libidinibus
1360 737 1690 803 indulsisse
1735 738 2023 803 dicentes,

738 856 979 921 Horum
1045 856 1277 942 primus
1344 855 1465 921 fuit
1523 855 1963 940 Aristophanes
1978 903 1998 933 ‚
2061 856 2169 939 qui
2185 904 2204 934 ‚
2267 856 2320 918 si
2379 877 2522 919 vera
2566 860 2664 917 est

633 974 944 1039 -Meinekii
1009 974 1308 1039 sententia
1322 1022 1343 1053 ‚
1380 975 1425 1057 l)
1491 972 1874 1053 Ἀριστύλλου
1941 972 2186 1037 nomine
2254 971 2620 1037 Aristoclem
2639 1020 2658 1050 ‚

648 1090 815 1177 quod
845 1092 1089 1157 Platoni
1132 1114 1357 1157 nomen
1399 1092 1520 1157 fuit
1531 1140 1552 1171 ,
1601 1092 1738 1160 risit
1765 1091 1832 1155 in
1862 1091 2048 1155 Pluto
2078 1114 2166 1155 vs.
2201 1094 2331 1155 314
2345 1140 2366 1171 ,
2413 1090 2562 1155 item
2593 1090 2660 1153 in

646 1210 1077 1275 Ecclesiazusis
1091 1260 1110 1290 ‚
1173 1210 1281 1275 ubi
1328 1210 1706 1275 Platonicam
1751 1210 2058 1275 Πολιτείαν
2103 1210 2168 1274 in
2215 1210 2408 1275 risum
2455 1208 2656 1273 vertit.

648 1329 885 1395 Deinde
929 1328 1277 1415 EpicrateS,
1327 1328 1471 1413 qui,
1519 1335 1676 1393 teste
1723 1328 2074 1406 Athenae0,
2123 1328 2222 1406 II,
2271 1352 2331 1413 p.
2369 1330 2452 1393 54
2465 1376 2484 1406 ,
2519 1350 2660 1391 eum

647 1449 713 1513 in
751 1472 991 1514 scenam
1023 1448 1315 1534 produxit
1352 1448 1522 1533 gravi
1559 1448 1742 1511 vultu
1780 1448 1856 1511 de
1889 1446 2210 1511 cucurbita
2239 1446 2657 1533 disputantem

648 1592 787 1634 cum
834 1567 1179 1654 Speusippo
1226 1574 1287 1632 et
1332 1566 1714 1649 Menedemo·
1773 1566 1931 1631 Tum
1979 1566 2238 1651 Amphis
2285 1567 2352 1630 in
2396 1564 2658 1630 Dexide-

648 1686 842 1765 mide,
878 1686 970 1750 ·in
1034 1708 1157 1769 qua
1216 1684 1426 1749 fabula
1479 1706 1618 1749 eum
1663 1684 1847 1749 refert
1891 1684 2150 1747 istorum
2195 1684 2260 1747 in
2306 1705 2659 1761 numerum,

646 1827 907 1891 quorum
952 1804 1289 1869 affectatam
1318 1802 1441 1868 oris
1472 1802 1784 1867 tristitiam
1814 1802 1975 1867 ridet
2001 1802 2318 1867 ,Iuvenalis
2333 1851 2352 1881 ,
2394 1802 2504 1886 qui
2534 1824 2662 1867 cor-

648 1931 865 2009 rugata
920 1944 1155 2007 semper
1205 1921 1405 1987 fronte
1452 1921 1910 2007 perambulant:
1958 1917 1999 1987 ὦ
2043 1921 2294 1987 Πλάτων
2320 1968 2338 1986 .
2367 1972 2384 1987 .
2412 1971 2425 1985 .
2473 1919 2664 2002 ὥσπερ

648 2042 898 2121 κοχλίας
928 2047 1147 2119 σεμνῶς
1180 2041 1427 2121 ἐπηρκὼς
1458 2040 1569 2113 τὰς
1601 2042 1794 2122 ὀφρῦς.
1843 2040 2047 2125 (Diog.
2071 2038 2277 2105 Lafirt.
2304 2038 2439 2119 III,
2469 2041 2657 2125 §28).

649 2158 917 2236 Maxime
946 2180 1087 2223 vero
1119 2158 1447 2243 exagitavit
1477 2179 1619 2221 eum
1648 2157 1889 2236 Alexis,
1938 2157 2047 2242 qui
2079 2157 2286 2243 plures
2318 2157 2664 2243 composuit

648 2277 885 2343 fabulas
897 2325 918 2356 ‚
966 2298 1227 2362 quarum
1273 2284 1539 2361 quatuor
1583 2275 1978 2339 nominantur
2022 2250 2058 2339 a
2100 2274 2347 2339 Laertio
2376 2274 2484 2339 lib.
2519 2273 2623 2339 III
2637 2324 2657 2353 ‚

650 2398 685 2483 ᾧ
746 2398 825 2462 27
849 2444 867 2473 ,
934 2396 1261 2473 Ἀγκυλίων
1274 2444 1295 2479 ,
1376 2396 1661 2479 Μεροπίς,
1731 2392 2228 2476 Ὀλυμπιόδωρος,
2293 2392 2620 2475 Παράσιτος
2641 2445 2660 2470 ,

648 2517 715 2582 in
760 2515 983 2601 quibus
1023 2515 1201 2581 Plato
1246 2537 1384 2581 cum
1430 2515 1559 2579 risu
1595 2522 1866 2579 notatur.
1913 2513 2078 2599 (Vid.
2127 2514 2412 2581 Meineke
2427 2564 2448 2595 ‚
2495 2514 2660 2578 Hist.

651 2638 785 2701 crit.
834 2634 1007 2700 Com.
1054 2634 1123 2713 I,
1170 2658 1231 2719 p.
1281 2636 1453 2719 380).
1523 2632 1652 2697 Alii
1697 2656 1838 2699 eum
1885 2633 2336 2719 descripserunt
2365 2640 2659 2718 tanquam

650 2754 959 2819 hominem
1022 2753 1269 2819 mollem
1283 2802 1304 2833 ,
1372 2774 1703 2838 puerorum
1769 2752 2075 2818 amoribus
2128 2751 2406 2817 deditum
2421 2800 2474 2843 ,ι
2505 2752 2663 2816 eius·

652 2896 772 2959 que
832 2873 1118 2958 discipuli
1176 2872 1596 2957 depinguntur
1640 2880 1712 2937 ut
1755 2872 2170 2937 adolescentes
2217 2870 2363 2936 belli
2407 2877 2470 2936 et
2513 2869 2660 2935 deli-

538 3037 541 3042 ·
653 2992 773 3057 cati
787 3041 806 3071 ,
866 2993 1059 3057 fastus
1104 3014 1174 3056 ac
1220 2990 1551 3076 voluptatis
1596 2991 1789 3076 magis
1836 3012 2020 3075 quam
2065 2989 2489 3076 philosophiae
2537 2996 2664 3052 stu-

652 3110 829 3176 diosi.
922 3110 1067 3175 Huc
1146 3110 1494 3175 referuntur
1575 3131 1784 3173 versus
1849 3108 2120 3194 Ephippi
2177 3107 2246 3173 in
2308 3106 2371 3171 N
2373 3108 2622 3191 anfi-ago
2638 3157 2658 3185 ,

654 3210 839 3315 apud
881 3230 1268 3295 Athenaeum
1330 3228 1459 3307 XI,
1525 3252 1587 3314 p.
1647 3231 1772 3293 509
1821 3226 1872 3291 C
1887 3276 1908 3307 ,
1957 3226 2065 3293 ubi
2119 3226 2480 3293 describitur
2525 3225 2667 3290 ado·

652 3350 883 3415 lescens
918 3356 1030 3415 τῶν
1073 3348 1141 3426 ἐξ
1184 3348 1578 3427 Ἀκαδημείας
1609 3371 1697 3419 τις
1729 3346 1839 3411 ὑπὸ
1867 3344 2206 3423 Πλάτωνος,

918 3466 983 3534 εὖ
1026 3468 1133 3545 μὲν
1182 3466 1464 3549 μαχαίρᾳ
1506 3464 1674 3543 ξύστ’
1718 3466 1873 3547 ἔχων
1916 3466 2303 3547 τριχώματα,

920 3585 985 3653 εὖ
1030 3587 1077 3651 δ’
1101 3585 1419 3658 ὑποκαθιεὶς
1462 3586 1666 3663 ἄτομα
1711 3584 1980 3661 πώγωνος
2023 3584 2180 3662 βάθη
2199 3635 2216 3657 ,

919 3702 985 3771 εὖ
1028 3705 1077 3769 δ’
1097 3706 1156 3770 ἐν
1201 3703 1413 3785 πεδίλῳ
1458 3702 1612 3769 πόδα
1651 3702 1823 3776 τιθεὶς
1863 3702 2152 3783 ὑποξύλῳ,
2197 3702 2318 3768 κτέ.

745 3824 1007 3890 comicis
1069 3824 1263 3909 poetis
1320 3822 1489 3887 haud
1547 3822 1818 3887 mitiores
1881 3821 2154 3886 Platonis
2219 3820 2442 3886 aemuli
2493 3820 2666 3885 fuere

656 3943 1005 4033 philosophi
1049 3942 1358 4009 Socratici.
1418 3941 1598 4006 Licet
1643 3940 1806 4006 enim
1846 3947 2207 4030 exaggerata
2245 3940 2372 4005 sint
2399 3962 2556 4029 quae
2585 3938 2665 4007 dc

723 4220 770 4283 1)
804 4186 913 4270 vid.
948 4234 1115 4289 supra,
1149 4234 1199 4288 Ρ.
1234 4217 1330 4270 125
1364 4234 1438 4285 sq.
