3025 5067
1257 418 1381 476 209

286 627 501 691 limem
575 634 829 691 naturae
884 623 1125 688 divinae
1186 624 1498 688 notionem
1560 624 1806 687 subesse
1869 624 2310 690 existimarunt.

282 746 577 811 {rustinus
638 746 907 831 Martyr,
974 744 1153 829 Apol.
1216 744 1250 808 I
1266 793 1285 822 ,
1353 746 1435 808 60
1453 793 1473 823 ‚
1537 744 1604 809 τὸ
1663 744 1915 824 δεύτερον
1977 746 2315 829 significare

286 867 431 931 vult
484 865 757 931 Verbum
775 913 795 943 ‚
856 864 923 931 τὸ
966 864 1151 941 τρίτον
1196 862 1527 948 Spiritum3
1577 863 1683 927 alii
1736 864 1929 929 aliter.
1979 864 2144 929 Hinc
2192 865 2319 929 fue·

286 996 441 1049 runt
486 986 591 1070 qui
622 986 779 1049 hanc
810 984 1127 1069 epistolam
1158 1006 1195 1046 a
1225 983 1574 1047 Christiano
1611 983 1858 1050 homine
1891 985 2318 1049 concinnatam

286 1112 403 1169 aut
448 1104 875 1188 interpolatam
927 1102 1333 1167 crediderunt.
1427 1102 1557 1165 Alii
1601 1110 1823 1166 contra
1869 1126 1900 1167 e
1943 1103 1984 1167 J
1986 1103 2314 1169 udaeorum

288 1224 500 1287 schola
547 1223 961 1288 Alexandrina
1016 1223 1130 1285 hoc
1178 1222 1471 1306 placitum
1523 1221 1864 1286 derivatum
1914 1245 2041 1285 esse
2087 1224 2320 1307 opinati

286 1350 457 1407 sunt.
534 1342 731 1407 Locos
777 1349 903 1406 tam
947 1350 1219 1406 veterum
1266 1363 1450 1423 quam
1495 1342 1902 1405 recentiorum
1950 1342 2057 1425 qui
2091 1341 2166 1404 de
2200 1344 2317 1405 hoc

288 1470 579 1545 egerunt,
622 1462 815 1525 citant
861 1462 1004 1537 Ast,
1052 1460 1323 1523 Platon’s
1370 1458 1517 1523 Leb.
1577 1482 1639 1523 u.
1689 1458 1858 1523 Schr.
1899 1484 1957 1546 p.
1997 1463 2121 1523 510
2149 1471 2315 1539 not.,

288 1579 644 1657 Hermann,
693 1578 847 1642 libro
894 1578 1059 1641 laud.
1111 1601 1167 1662 p.
1220 1580 1345 1641 593
1381 1585 1507 1641 not.
1547 1578 1706 1653 223,
1757 1587 1818 1640 et
1864 1578 2104 1662 plenius
2156 1579 2319 1641 Wie-

286 1700 485 1783 gand‚
534 1699 737 1784 Symb.
788 1698 938 1762 Crit.
989 1698 1065 1761 ad
1114 1698 1353 1761 Platon.
1403 1697 1518 1782 Ep.
1569 1697 1673 1774 II,
1722 1722 1780 1783 p.
1838 1700 1915 1759 ‘18
1967 1721 2094 1781 sqq.

384 1819 448 1882 Si
500 1828 699 1882 t‘amen
746 1819 881 1903 ipsa
930 1818 1108 1881 verba
1155 1824 1529 1902 spectamuS‚
1579 1786 1966 1902 nequaquam
2015 1818 2210 1901 liquet
2255 1819 2318 1882 τὸ

290 1940 547 2018 δεύτερον
608 1948 667 2002 et
728 1940 794 2003 τὸ
854 1938 1037 2015 τρίτον
1085 1959 1274 2020 aeque
1336 1944 1518 2020 atque
1571 1936 1728 2000 illud
1775 1937 1941 2021 quod
1991 1938 2056 2001 τὸ
2105 1942 2318 2014 πρῶτον

289 2058 570 2121 nominat
632 2056 706 2120 ad
774 2056 871 2121 dei
916 2063 1195 2119 naturam
1246 2056 1474 2119 referri.
1548 2055 1717 2119 Dicit
1762 2078 1825 2119 se
1872 2056 2318 2141 explicaturum

292 2179 419 2254 περὶ
476 2185 581 2249 τῆς
628 2180 728 2241 τοῦ
780 2174 998 2255 πρώτου
1054 2175 1320 2257 φύσεωςε
1370 2174 1435 2237 τὸ
1483 2180 1696 2249 πρῶτον
1745 2175 1860 2238 hoc
1893 2173 2158 2237 declarat
2191 2195 2319 2236 esse

290 2294 393 2358 τὸν
468 2294 700 2359 πάντων
775 2293 1039 2370 βασιλέα
1113 2294 1211 2357 καὶ
1290 2291 1466 2357 αἴτιον
1549 2294 1820 2357 ἁπάντων
1903 2299 2014 2356 τῶν
2085 2297 2311 2356 καλῶνε

294 2412 517 2476 deinde
572 2412 717 2475 huic
779 2420 1069 2495 tanquam
1134 2411 1421 2474 inferiora
1468 2410 1790 2495 subjungit
1833 2410 1900 2474 τὸ
1951 2410 2203 2492 δεύτερον
2259 2420 2317 2473 et

293 2532 365 2595 τὸ
423 2531 604 2611 τρίτον
627 2584 643 2605 ,
716 2552 868 2614 quae
930 2531 1049 2593 tria
1111 2529 1293 2593 simul
1356 2528 1688 2592 conficiunt
1734 2551 1802 2592 ea
1850 2550 2006 2612 quae
2060 2530 2123 2593 in
2179 2529 2320 2613 Epi-

297 2650 456 2713 stola
516 2649 643 2714 VII
706 2652 787 2735 (p.
838 2652 967 2713 344
1016 2649 1095 2734 D)
1156 2650 1237 2714 τοὶ
1298 2649 1423 2728 περὶ
1486 2650 1718 2729 Φύσεως
1765 2646 1922 2726 ἄκροι
1967 2649 2064 2712 καὶ
2115 2655 2316 2727 πρῶτοι

296 2768 702 2853 appellantur.
795 2768 835 2831 J
838 2792 933 2833 am
994 2769 1059 2831 in
1122 2768 1216 2830 his
1279 2766 1475 2831 tribus
1541 2766 1694 2831 nihil
1757 2775 1850 2829 est
1901 2766 2067 2850 quod.
2114 2790 2236 2830 non
2286 2788 2320 2829 a

294 2886 551 2952 Platone
599 2887 939 2950 derivatum
986 2886 1243 2951 videtur.
1318 2886 1642 2969 Scriptoris
1691 2886 1882 2948 menti
1929 2885 2316 2949 obversatum

298 3032 427 3073 esse
490 3010 667 3073 credo
731 3008 934 3073 locum
996 3008 1162 3072 hunc
1222 3006 1377 3071 Tim.
1441 3030 1499 3091 p.
1554 3008 1634 3068 52
1685 3008 1772 3069 A:
1823 3006 2202 3082 ὁμολογητέον
2248 3003 2319 3069 ἓν

297 3130 405 3207 μὲν
472 3125 613 3193 εἶναι
674 3133 736 3192 τὲ
807 3128 968 3192 κατὰ
1020 3128 1193 3192 τωῦτ’
1242 3125 1376 3207 ἔχον
1428 3122 1570 3197 εἶδος
1589 3174 1605 3201 ,
1663 3124 1972 3200 ἀγεννής-ὸν
2028 3124 2126 3188 καὶ
2181 3123 2319 3187 duch-

296 3248 519 3327 λεθρον,
544 3299 555 3311 .
581 3298 594 3312 .
619 3297 632 3310 .
697 3247 763 3310 τὸ
808 3246 856 3309 δ’
886 3244 1178 3323 ὁμώνυμον
1224 3243 1408 3321 ὅμοιόν
1455 3245 1509 3306 τ’
1543 3242 1728 3321 ἐκείνῳ
1774 3241 2127 3322 δεύτερον,
2193 3260 2320 3317 γεν-

297 3366 600 3445 νητὸν,...
652 3365 887 3444 τρίτον
932 3364 979 3427 δ’
1011 3360 1087 3427 αὖ
1131 3363 1293 3439 γένος
1340 3362 1396 3426 ὃν
1440 3362 1504 3426 τὸ
1551 3370 1655 3435 τῆς
1697 3361 1895 3441 χώρας
1925 3362 2046 3441 ἀεὶ,
2095 3359 2310 3439 φθορὰν

298 3486 359 3547 οὐ
409 3483 887 3563 προσδεχάωενον,
939 3497 1072 3547 κτλ.
1167 3481 1288 3545 Hic
1357 3504 1393 3543 a
1437 3479 1694 3543 Platone
1739 3480 1859 3542 tria
1905 3478 2053 3541 haec
2099 3477 2319 3541 discer-

298 3609 564 3665 nuntur:
626 3576 902 3685 *primum
954 3602 1020 3665 τὸ
1086 3601 1311 3675 νοητὸν,
1377 3600 1482 3681 qui
1545 3608 1638 3661 est
1693 3595 1960 3660 mundus
2007 3596 2278 3659 idearum
2300 3644 2317 3671 ‚

297 3720 635 3783 secundum
680 3722 746 3785 τὸ
780 3720 1072 3799 αἰσθητὸν,
1121 3718 1387 3781 mundus
1431 3715 1816 3801 aspectabilis
1849 3714 1924 3777 ad
1957 3713 2121 3777 illius
2154 3714 2314 3776 simi-

293 3838 619 3903 litudinem
653 3839 1098 3914 conformatUS,
1146 3837 1394 3915 tertium
1442 3836 1695 3898 materia
1727 3833 2094 3918 generatim,
2131 3855 2314 3916 quam

296 3966 473 4021 vocat
534 3957 761 4038 μητέρα
822 3957 1040 4027 παντὸς
1096 3958 1365 4028 αἰσθητοῦ
1426 3956 1507 4039 (p.
1561 3956 1640 4015 52
1692 3952 1806 4036 D),
1857 3951 2023 4035 quod
2073 3950 2321 4034 quidem

298 4074 569 4139 medium
632 4076 877 4159 ponitur
939 4075 1097 4137 inter
1158 4074 1330 4149 νοητὰ
1393 4079 1453 4135 et
1515 4071 1781 4145 αἰσθηταί.
1875 4068 2060 4148 Quod
2117 4076 2320 4133 autem

298 4193 478 4257 Plato
524 4193 613 4259 ibi
634 4194 899 4278 primum
946 4194 1158 4278 ponit,
1207 4195 1271 4257 τὸ
1320 4191 1542 4266 νοητὸν,
1571 4212 1679 4273 pro
1705 4189 1819 4251 hoc
1845 4187 2106 4273 epistola
2131 4188 2314 4251 habet

2008 4308 2084 4364 14
