3025 5067
1665 404 1790 464 210

717 607 813 671 τὸν
882 606 1113 672 πάντων
1173 607 1437 685 βασιλέα
1454 660 1470 681 ,
1537 629 1720 691 quem
1781 607 1884 671 ille
1943 610 2017 679 ὥς
2075 608 2342 673 ἐπέκεινα
2383 618 2488 684 τῆς
2539 611 2746 680 οὐσίας

718 726 947 789 eximit.
1017 724 1159 789 Vid.
1218 725 1638 803 Schiirmann,
1707 725 1782 789 de
1842 725 1974 791 Deo
2035 726 2275 790 Platon.
2338 750 2398 811 p.
2457 730 2569 805 19,
2625 732 2742 791 44.

716 842 1001 907 Ceterum
1046 844 1225 907 Plato
1266 845 1330 907 in
1378 845 1620 929 scriptis
1667 846 1794 908 suis
1841 867 2000 922 non,
2057 853 2130 909 ut
2173 854 2381 909 noster
2427 846 2524 909 hic
2553 846 2706 909 facit
2723 896 2742 924 ,

714 962 795 1026 τοὶ
842 968 1075 1041 πρῶτα,
1121 962 1204 1026 τα
1248 950 1524 1049 Beda-spx,
1547 939 1550 947 Ι
1572 964 1654 1027 τα
1698 963 1870 1043 τρίτα
1903 962 2152 1027 definito
2187 963 2532 1047 significatu
2567 986 2746 1028 usur-

713 1089 820 1166 pat
866 1080 943 1144 ad
988 1080 1285 1145 notandas
1331 1088 1586 1145 naturae
1634 1089 1832 1166 partes
1881 1056 2288 1167 praestantiae
2319 1081 2513 1166 gradu
2544 1082 2746 1145 diver-

712 1222 841 1277 sas;
892 1200 954 1263 id
1000 1200 1247 1265 demum
1292 1200 1567 1265 fecerunt
1614 1201 1744 1265 eius
1791 1200 2108 1286 discipuli,
2159 1202 2267 1285 qui
2298 1201 2392 1265 his
2421 1201 2764 1265 vocabulis'

711 1319 986 1403 proprias
1034 1327 1099 1383 et
1144 1328 1335 1383 certas
1383 1318 1734 1383 tribuerunt
1780 1320 2059 1383 notiones
2077 1368 2094 1397 ‚
2140 1320 2306 1383 velut
2337 1319 2704 1383 Aristoteles
2722 1368 2741 1396 ,

709 1439 774 1503 in
833 1438 1105 1523 Motaph.
1154 1438 1248 1501 IV
1265 1488 1282 1515 ,
1335 1442 1414 1502 ll
1435 1488 1452 1517 ‚
1503 1439 1610 1503 ubi
1655 1422 1928 1503 Platonis
1975 1438 2223 1520 πρότερα
2269 1448 2330 1502 et
2379 1437 2590 1517 ὕστερα
2647 1438 2744 1503 in-

712 1565 1083 1644 terpretatur
1126 1580 1274 1643 quae
1306 1540 1421 1639 per
1465 1582 1526 1622 se
1571 1564 1832 1621 constant
1851 1608 1869 1635 ,
1921 1560 2002 1623 τα
2047 1562 2183 1623 κατ’
2229 1560 2423 1623 οὐσίαν
2441 1610 2460 1633 ,
2493 1566 2556 1621 et
2587 1580 2744 1643 quae

712 1677 835 1739 sine
879 1676 1003 1739 illis
1047 1696 1165 1739 esse
1210 1682 1530 1759 nequeunt,
1578 1676 1660 1741 τοὶ
1705 1676 1866 1740 κατὰ
1911 1677 2111 1756 φύσιν.
2141 1676 2188 1759 ¹)

800 1908 943 1973 Non
1006 1910 1206 1974 minus
1270 1909 1664 1975 obscuritatis
1712 1910 1897 1975 habet
1945 1910 2098 1975 alter
2143 1912 2244 1974 hic
2289 1911 2459 1975 locus
2476 1960 2495 1989 ,
2546 1932 2736 1994 quem

713 2029 892 2093 modo
940 2029 1238 2108 indicavi,
1288 2029 1485 2115 Epist.
1538 2030 1665 2108 VI,
1718 2055 1774 2115 p.
1826 2034 1952 2095 323
2005 2031 2083 2094 D.
2131 2030 2171 2093 J
2177 2031 2324 2095 ubet
2348 2030 2619 2107 sodaleS,
2657 2030 2735 2093 ad

713 2171 865 2233 quos
912 2149 1068 2213 hano
1110 2149 1425 2234 epistolam
1461 2149 1672 2213 scribit
1691 2199 1709 2226 ,
1743 2150 1975 2229 monita
2007 2172 2118 2213 sua
2148 2149 2318 2213 cordi
2349 2149 2602 2226 habere,
2635 2151 2736 2214 τὸν

707 2272 818 2331 τῶν
865 2268 1095 2331 πάντων
1143 2266 1290 2349 θεὸν,
1340 2266 1606 2343 ἡγεμόνα
1651 2272 1762 2333 τῶν
1809 2270 1864 2331 τ’
1887 2266 2055 2331 ὄντων
2092 2267 2326 2332 καὶτῶν
2357 2267 2730 2348 μελλόντων,

706 2392 807 2449 τοῦ
853 2386 899 2449 θ’
926 2385 1205 2470 ἡγεμόνος
1230 2387 1326 2448 καὶ
1378 2387 1561 2450 αἰτίου
1593 2386 1824 2465 πατέρα
1860 2386 2038 2467 κύριον
2069 2386 2452 2463 ἐπομνύντας.
2501 2384 2738 2447 Distin-

708 2512 987 2587 guuntur
1031 2503 1130 2567 hic
1176 2504 1203 2567 ὁ
1250 2510 1358 2568 τῶν
1400 2502 1635 2569 πάντων
1672 2503 1790 2575 θεὸς
1815 2506 2047 2581 ἡγεμὼν
2070 2558 2083 2580 ,
2111 2511 2173 2567 et
2195 2510 2297 2568 τοῦ
2331 2504 2607 2581 ἡγεμόνος
2631 2504 2736 2567 καὶ

708 2624 887 2687 αἰτίου
930 2624 1124 2701 πατὴρ
1163 2625 1366 2703 κύριος.
1415 2621 1691 2685 Primum
1725 2622 2286 2697 animadvertantur
2318 2621 2500 2687 verba
2526 2622 2739 2707 inepte

706 2740 1115 2805 redundantia
1174 2741 1239 2803 in
1302 2740 1498 2804 hisce:
1569 2747 1670 2805 τοῦ
1735 2740 2016 2819 ἡγεμόνος
2071 2742 2166 2805 καὶ
2222 2741 2405 2805 αἰτίου
2459 2742 2736 2819 πατέρας

705 2882 845 2923 nam
879 2858 1028 2943 quid
1060 2859 1140 2924 sit
1170 2860 1197 2923 ὅ
1228 2864 1329 2923 τοῦ
1356 2858 1642 2936 ἡγεμόνος
1667 2860 1863 2937 πατὴρ
1887 2858 2152 2943 intelligi
2176 2865 2413 2943 potest,
2439 2881 2565 2922 non
2589 2879 2738 2921 vero

706 2980 733 3043 ὂ
778 2983 877 3041 τοῦ
928 2978 1111 3041 αἰτίου
1158 2978 1387 3055 πατὴρε
1435 2999 1578 3040 nam
1626 2978 1675 3040 si
1727 2979 1810 3057 τῷ
1862 2978 2024 3057 αἰτίῳ
2077 2985 2169 3040 est
2213 2985 2418 3061 pater,
2468 2997 2592 3041 non
2641 2985 2739 3040 est

704 3094 904 3165 αἴτιος.
996 3094 1153 3159 Τ11111
1212 3101 1462 3159 notetur
1518 3094 1904 3179 pleonasmus
1966 3096 2160 3175 πατὴρ
2207 3096 2417 3176 κύριοςε
2468 3117 2610 3158 nam
2667 3097 2736 3159 in

712 3213 957 3276 nomine
1026 3214 1217 3293 πατὴρ
1296 3214 1455 3277 inest
1508 3213 1636 3297 jam
1701 3212 2062 3297 significatio
2107 3220 2208 3277 τοῦ
2253 3215 2456 3292 κυρίου.
2518 3212 2738 3278 Delec-

711 3340 881 3393 tatur
940 3329 1252 3415 Epistolae
1316 3330 1572 3414 scriptor
1619 3330 1734 3394 hoc
1779 3330 2094 3395 vocabule.
2175 3331 2272 3395 Sic
2319 3331 2503 3415 paulo
2551 3340 2733 3395 ante:

708 3450 957 3528 χρῆσθαι
1004 3448 1243 3529 ξυνθὴκὴ
1286 3449 1383 3513 καὶ
1432 3449 1584 3529 νόμῳ
1629 3450 1812 3529 κυρίῳ.
1863 3449 2054 3535 Epist.
2105 3448 2303 3528 VIII,
2350 3474 2411 3535 p.
2471 3453 2598 3513 354
2650 3450 2730 3514 C:

709 3568 874 3644 νόμος
921 3568 1113 3642 ἐπειδὴ
1158 3567 1337 3647 κύριος
1390 3569 1619 3644 ἐγένετο
1666 3568 1951 3645 βασιλεὺς
1997 3574 2108 3633 τῶν
2153 3569 2471 3648 ἀνθρώπων.
2505 3568 2626 3633 Sed
2661 3582 2736 3633 ut-

709 3684 787 3749 ad
832 3708 959 3749 rem
1007 3686 1318 3750 veniamus
1336 3735 1353 3763 ‚
1402 3686 1468 3750 in
1512 3687 1610 3749 his
1658 3708 1904 3771 quoque
1937 3686 2101 3751 docti
2135 3695 2514 3771 agnoverunt
2544 3689 2732 3773 placi-

706 3809 842 3868 tum
894 3803 969 3868 de
1032 3801 1234 3868 Verbo
1281 3804 1407 3868 sive
1455 3803 1613 3869 Filio
1630 3854 1648 3882 ,
1713 3804 1879 3887 quod
1941 3804 2046 3868 alii
2108 3828 2144 3869 a
2185 3804 2532 3870 Christiana
2588 3807 2730 3869 doc·

780 4019 825 4078 1)
856 4018 1032 4068 Eadem
1066 4020 1252 4069 ratione
1284 4020 1531 4084 Epistulae
1560 4021 1765 4084 scriptor
1801 4020 2020 4069 formulis
2052 4025 2108 4074 τὸ
2129 4025 2178 4072 τί
2201 4024 2250 4069 et
2282 4025 2338 4072 τὸ
2357 4029 2482 4073 ποῖόν
2507 4042 2581 4086 τι,
2607 4038 2728 4086 quas

709 4114 988 4163 Aristoteles
1038 4116 1218 4179 primus
1262 4116 1471 4175 invenit,
1522 4132 1634 4164 usus
1685 4120 1759 4165 est
1809 4121 2035 4181 tanquam
2085 4115 2374 4193 mateficis,
2429 4124 2482 4165 ut
2534 4120 2727 4167 ostendi

705 4224 847 4274 supra
880 4225 928 4273 p.
964 4208 1077 4261 197.
