3025 5067
1280 366 1398 430 127

301 581 576 649 cuntur,
646 572 793 656 ipsis
861 572 1058 636 verbis
1126 595 1406 658 expressa
1468 594 1542 634 ex
1597 594 1777 656 opere
1844 572 1920 635 de
1966 572 2335 657 Republica,

299 714 385 753 ea
447 692 760 754 concinere
825 713 966 753 cum
1013 690 1310 776 temporis
1358 689 1584 753 indicio
1632 713 1707 753 ex
1752 691 2184 754 Ecclesiazusis
2241 715 2338 777 pe-

301 810 464 886 tite,
527 817 600 873 ut
658 809 918 874 alterum
979 809 1400 872 testimonium
1464 808 1639 872 alteri
1686 809 1927 893 pondus
1990 809 2208 873 addere
2258 810 2339 872 vi-

302 926 550 990 deatur.
643 926 726 990 Et
781 949 903 1010 quo
953 927 1152 990 minus
1201 926 1484 1010 equidem
1533 926 1771 990 credam
1818 927 2135 992 Platonem
2168 939 2335 992 Πολι-

299 1047 475 1109 τείαν
519 1045 831 1128 evulgasse
879 1055 1020 1130 post
1063 1045 1290 1110 editam
1321 1045 1490 1108 illam
1524 1046 1930 1123 comoediam,
1963 1068 2087 1109 non
2119 1069 2333 1131 parum

301 1166 473 1249 apud
527 1188 623 1228 me
670 1165 832 1229 valet
871 1166 1036 1248 quod
1078 1166 1605 1250 Morgensternius
1646 1165 2071 1230 animadvertit
2115 1168 2198 1251 (p.
2251 1168 2284 1232 7
2296 1168 2329 1232 7

299 1287 497 1368 not.),
547 1285 646 1348 vix
694 1284 980 1348 credibile
1021 1284 1139 1348 sibi
1168 1284 1360 1348 videri
1391 1283 1600 1349 dicens
1617 1333 1638 1363 ,
1671 1295 2069 1369 posteaquam
2101 1285 2335 1348 Aristo-

299 1403 536 1485 phanes
609 1403 914 1467 civitatem
960 1402 1188 1466 talibus
1235 1403 1474 1486 legibus
1524 1404 1589 1466 in
1651 1425 1829 1468 scena
1875 1404 2133 1480 risisset,
2192 1404 2327 1467 Pla-

294 1528 511 1584 tonem
557 1520 868 1585 editurum
914 1521 1100 1584 fuisse
1149 1544 1338 1606 opuS,
1394 1522 1458 1585 in
1504 1544 1627 1605 quo
1660 1523 1869 1586 eadem
1904 1546 1997 1586 res
2032 1532 2331 1607 tanquam

295 1661 460 1702 nova
507 1640 663 1703 serio
709 1647 1090 1704 tractaretur.

395 1758 472 1820 In
534 1759 650 1822 hoc
711 1759 902 1842 igitur
946 1758 1224 1842 Epistola
1269 1781 1482 1822 verum
1527 1759 1749 1824 referre
1794 1759 2037 1823 videtur
2052 1786 2070 1837 ;
2125 1760 2327 1824 minus

290 1900 442 1940 vero
507 1878 816 1962 probabile
877 1886 1002 1955 est,
1071 1877 1234 1961 quod
1282 1878 1512 1942 ibidem
1561 1887 1958 1957 memoratur,
2008 1879 2326 1944 Platonem

297 1997 522 2076 semel,
580 1999 840 2075 iterum,
889 1999 1072 2062 tertio
1117 1999 1177 2061 in
1229 1998 1498 2063 Siciliam
1549 2000 1886 2084 profectum
1935 2023 2063 2062 esse
2095 2022 2165 2062 ea
2188 2022 2324 2083 spe,

286 2117 422 2180 fore
457 2127 526 2180 ut
572 2117 853 2201 Dionysii
892 2140 1006 2202 ope
1044 2119 1348 2182 civitatem
1397 2117 1834 2202 Syracusanam
1866 2119 1932 2181 in
1962 2119 2146 2182 talem
2182 2141 2325 2202 qua-

282 2235 408 2298 lem
455 2236 522 2298 in
566 2236 674 2298 illo
714 2258 894 2320 opere
939 2236 1256 2321 descripsit
1289 2237 1586 2302 πολιτείκν
1616 2238 2044 2301 transformare
2094 2243 2317 2321 posset.

286 2354 426 2416 Etsi
496 2357 655 2420 enim
710 2356 998 2419 credibile
1067 2365 1158 2419 est
1240 2357 1560 2422 Platonem
1628 2379 1753 2420 non
1822 2356 2170 2440 desperasse
2241 2355 2318 2419 de

279 2473 680 2536 emendandis
727 2474 1076 2538 civitatibus
1094 2524 1112 2552 ‚
1161 2497 1423 2558 eumque
1469 2475 1793 2539 itineribus
1842 2476 1906 2538 in
1947 2474 2217 2537 Siciliam
2250 2473 2315 2536 id

277 2593 491 2676 ipsum
551 2601 880 2677 spectasse,
949 2601 1026 2664 ut,
1076 2594 1385 2658 meliorem
1448 2593 1727 2657 redderet
1772 2593 2207 2678 Syracusarum
2254 2600 2316 2655 et

272 2710 522 2774 Siciliae
567 2711 1006 2789 conditionem,
1055 2735 1178 2776 non
1226 2721 1430 2776 tamen
1477 2721 1603 2777 tam
1634 2736 1834 2776 rerum
1861 2713 2308 2796 hominumque

275 2832 533 2914 ignarus
579 2831 726 2908 fuit,
776 2839 846 2894 ut
895 2832 1216 2916 perfectam
1263 2832 1430 2896 illam
1479 2854 1662 2915 quam
1693 2838 1894 2896 mente
1927 2831 2316 2894 informasset

273 2949 546 3012 civitatis
582 2949 908 3032 imaginem
939 2972 1147 3034 reapse
1180 2950 1448 3014 effectam
1485 2951 1660 3014 reddi
1692 2973 1867 3034 posse
1901 2957 2143 3035 putaret
2165 2999 2183 3028 ,
2212 2957 2317 3012 aut

270 3068 645 3150 Dionysium
707 3067 891 3132 talem
953 3083 1156 3152 regem
1219 3069 1346 3132 fore
1409 3069 1781 3148 confideret,
1830 3069 2015 3132 cuius
2060 3068 2317 3152 imperio

269 3187 520 3262 δύναμις
582 3195 642 3250 et
686 3190 1012 3271 φιλοσοφία
1059 3190 1229 3252 velut
1275 3191 1339 3252 in
1391 3213 1583 3253 unum
1636 3190 1970 3265 conflatae,
2028 3195 2099 3252 ut
2130 3187 2313 3262 dicit,

268 3305 544 3390 optimae
589 3307 850 3369 civitatis
898 3307 1156 3392 effigiem
1204 3309 1280 3372 ob
1329 3309 1541 3372 oculos
1588 3314 1899 3393 ponerent.
1940 3309 1985 3390 ¹)

352 3579 396 3639 l)
436 3579 536 3627 Etsi
571 3579 710 3627 Plato
748 3580 792 3627 in
832 3578 1089 3644 Republica
1127 3597 1223 3628 non
1260 3581 1401 3628 semel
1441 3581 1611 3628 asserit
1645 3595 1693 3627 se
1736 3579 1859 3627 haud
1901 3580 2105 3630 ἀδύνατα
2131 3578 2311 3641 fingere

269 3691 338 3763 (ε.
373 3689 418 3736 g.
457 3675 518 3720 Vl
536 3711 550 3731 ‚
586 3675 682 3722 499
718 3675 792 3721 D:
845 3673 934 3724 οὐδ’
975 3680 1110 3740 ἡμεῖς
1139 3677 1342 3728 ἀδύνατα
1377 3679 1565 3740 λέγομεν
1583 3714 1594 3733 ,
1637 3678 1823 3741 χαλεπὰ
1858 3675 1905 3723 δὲ
1954 3677 2028 3724 καὶ
2062 3671 2176 3742 παρ’
2206 3678 2315 3738 ἡμῖν

271 3773 584 3834 ὁμολογεῖται.
637 3769 710 3818 cf.
770 3771 832 3826 V,
868 3770 965 3818 456
1020 3771 1128 3831 0.),
1177 3770 1334 3834 polius
1384 3775 1544 3818 tamen
1597 3770 1839 3828 civitatem
1890 3768 2023 3816 illam
2060 3769 2309 3832 proposuit

269 3870 504 3927 tanquam
538 3866 864 3934 παράδειγμα,
911 3867 970 3914 ad
1004 3867 1128 3929 quod
1163 3866 1382 3914 accedere
1419 3847 1755 3929 aliquantenus
1790 3864 1947 3912 liceat.
1983 3865 2055 3912 De
2093 3865 2209 3927 Rep.
2238 3863 2307 3932 V,

268 3976 326 4022 p.
360 3957 456 4008 472
493 3960 648 4030 Dzhrt'
681 3957 775 4016 οὗν;
817 3963 868 4010 οὐ
897 3964 972 4011 καὶ
1005 3965 1162 4025 ἡμεῖς,
1201 3969 1376 4028 φαμέν,
1433 3962 1735 4030 παράδειγμα
1768 3963 2006 4022 ἐποιοῦ-μεν
2040 3961 2155 4025 λόγῳ
2189 3963 2312 4022 ἀγα-

269 4058 354 4112 θῆς
403 4057 593 4110 πόλεως
627 4061 751 4106 Πάνυ
781 4075 850 4118 γε.
909 4052 1078 4106 ’nn-bv
1108 4077 1153 4106 τι
1187 4055 1261 4106 οὗν
1291 4061 1372 4106 οἴει
1407 4061 1533 4120 ἡμᾶς
1568 4054 1619 4106 εὖ
1656 4057 1797 4117 λέγειν
1830 4057 1998 4105 τούτου
2038 4057 2193 4111 ἕνεκα,
2236 4058 2311 4102 ἐὰν

270 4157 344 4213 μὴ
387 4154 567 4216 ἔχωμεν
591 4151 860 4215 ἀποδεῖξαι,
905 4155 964 4208 ὡς
999 4153 1178 4202 δυνατὸν
1210 4152 1324 4201 οὕτω
1359 4155 1482 4201 πόλιν
1512 4153 1688 4207 οἰκῆσαι
1724 4153 1783 4206 ὡς
1820 4153 2025 4213 &Mysum
2062 4153 2124 4198 Οὐ
2158 4149 2274 4206 δῆτα
2294 4187 2305 4208 ,
