3025 5067
1649 380 1774 441 222

692 582 766 647 ab
814 582 1142 647 Aristotele
1186 590 1602 673 memorantur
1648 586 1710 648 αἱ
1756 586 2173 665 γεγραμμέναι
2213 584 2504 663 διαιρέσεις
2518 634 2536 667 ,
2567 586 2635 649 h.
2670 607 2741 647 e.

691 701 1045 785 partitiones
1122 703 1278 767 anim
1286 702 1521 767 antium
1596 704 1662 767 in
1739 704 2019 787 aquatica
2033 753 2052 781 ,
2132 705 2438 768 terrestria
2455 754 2474 781 ,
2549 704 2710 794 alni

692 819 808 903 (De
871 827 1026 905 part.
1096 821 1295 899 anim,
1351 821 1420 899 I,
1480 822 1643 907 2).1)
1733 820 1944 887 Fuerit
2013 822 2205 907 igitur
2273 822 2520 887 libellus
2569 845 2708 887 nos-

691 947 783 1004 ter
858 940 1033 1024 quasi
1094 941 1481 1025 technologia
1543 941 1840 1025 quaedam
1887 942 2338 1027 philosophica,
2388 943 2709 1007 continens

691 1057 1073 1123 definitiones
1135 1060 1572 1125 vocabulorum
1639 1060 1716 1124 ad
1777 1060 2093 1125 dialectica
2107 1111 2126 1140 ‚
2176 1062 2375 1125 ethica
2391 1112 2410 1139 ‚
2458 1062 2712 1147 physica

692 1178 1130 1261 pertinentium
1145 1228 1164 1256 ,
1213 1179 1336 1242 sive
1384 1202 1415 1243 e
1461 1178 1738 1243 Platonis
1786 1180 2162 1245 sermonibus
2209 1181 2333 1244 sive
2379 1204 2411 1245 e
2449 1181 2711 1265 dialogis

692 1296 1072 1383 depromta8‚
1136 1299 1312 1363 cuins
1376 1300 1614 1383 generis
1677 1298 1996 1385 Sophista,
2044 1299 2374 1377 Philebus,
2423 1299 2712 1363 Timaeus

692 1417 837 1480 satis
900 1439 1181 1501 magnam
1244 1418 1481 1501 copiam
1545 1418 1958 1503 suppeditant.
2050 1418 2346 1504 Exempla
2405 1418 2587 1483 modo
2634 1440 2712 1483 ex

693 1528 1019 1599 Aristotele
1064 1535 1300 1619 prolata
1345 1558 1485 1599 cum
1533 1536 1645 1599 hac
1691 1536 2092 1621 explicatione
2156 1536 2334 1622 plane
2381 1528 2709 1619 quadrant.

692 1652 848 1717 Ecce
916 1675 1056 1716 vero
1128 1653 1373 1737 longam
1458 1653 1810 1719 huiusmodi
1878 1655 2275 1739 partitionum
2344 1655 2559 1717 seriem
2629 1653 2712 1717 ad

694 1771 925 1853 ethica,
974 1771 1258 1857 politica,
1293 1771 1645 1850 dialectica,
1696 1772 1998 1836 rhetorica
2029 1772 2267 1857 aliaque
2299 1772 2710 1857 spectantium

692 1891 869 1955 offert
911 1890 1087 1955 nobis
1133 1890 1415 1955 Laertius
1461 1892 1528 1955 in
1574 1890 1721 1955 Vita
1765 1891 2072 1969 PlatoniS,
2125 1890 2260 1973 ΠΙ,
2309 1893 2342 1976 ᾧ
2376 1894 2707 1955 80—109.

693 2009 921 2096 Incipit
981 2010 1076 2074 his
1140 2009 1375 2075 verbis:
1442 2013 1633 2092 Διῄρει
1691 1984 1746 2075 δὲ
1794 2012 1842 2093 (0‘
1897 2012 2168 2093 Πλάτων)
2189 2060 2204 2090 ,
2267 2011 2442 2092 φησιν
2491 2010 2518 2073 o‘
2563 2014 2714 2089 Ἀρι-

693 2129 1003 2211 στοτέλης,
1040 2132 1148 2205 ,καὶ
1202 2130 1280 2195 τα
1314 2131 1656 2209 πράγματα
1687 2135 1883 2195 τοῦτον
1915 2129 2010 2194 τὸν
2042 2128 2272 2209 τρόπον,
2308 2138 2368 2192 et
2399 2129 2710 2193 clauditur

694 2248 899 2312 hisce:
970 2244 1072 2312 ὦδε
1128 2248 1226 2312 καὶ
1241 2330 1254 2337 N
1288 2247 1369 2312 τὰ
1431 2253 1632 2328 πρῶτα
1700 2248 1865 2328 διῄρει
1930 2249 2093 2313 κατὰ
2137 2248 2234 2313 τὸν
2281 2249 2705 2327 Ἀριστοτέλην.

692 2364 1006 2431 Habemus
1052 2366 1243 2451 igitur
1289 2364 1423 2443 hic,
1472 2365 1808 2429 secundum
1854 2365 2191 2449 Diogenem
2209 2415 2226 2443 ‚
2279 2366 2480 2467 ipsum
2528 2365 2706 2429 illum

690 2482 915 2548 librum
978 2484 1289 2565 διαιρέσεων
1352 2506 1534 2567 quem
1589 2483 1654 2546 in
1699 2483 1980 2547 manibus
2027 2481 2242 2547 habuit
2303 2484 2703 2560 Aristoteles;

691 2602 960 2667 dubitari
1020 2611 1224 2667 tamen
1270 2602 1485 2685 nequit
1531 2624 1654 2666 non
1701 2624 1829 2665 esse
1860 2624 2174 2686 germanas
2205 2602 2351 2665 istas
2383 2602 2703 2681 διαιρέσεις,

691 2721 798 2785 sed
844 2744 942 2785 eas
990 2722 1193 2806 potius
1241 2743 1401 2806 quas·
1438 2722 1752 2785 νοθεύεσθαι
1798 2720 1954 2784 dixit
1989 2720 2370 2798 Alexander,
2409 2722 2518 2804 qui
2549 2720 2704 2783 liber

692 2839 1005 2924 aliquanto
1053 2852 1322 2924 tempore
1369 2847 1507 2925 post
1555 2838 1890 2922 Diogenem
1937 2841 2112 2922 (saec.
2163 2842 2274 2922 4¹²⁰)
2307 2862 2339 2903 e
2383 2839 2701 2903 doctorum

692 2958 974 3022 manibus
1051 2944 1397 3035 evanuerit,
1470 2965 1544 3023 ut
1603 2956 2015 3043 Philoponum
2061 2956 2243 3022 modo
2301 2957 2700 3021 audiebamus

688 3085 1047 3155 testantem,
1112 3100 1302 3161 quum
1362 3099 1473 3140 sua
1535 3083 1732 3141 aetate
1775 3098 1853 3140 ne
1899 3076 2398 3141 commentarium
2455 3074 2702 3160 quidem

691 3196 805 3259 hoc
852 3194 1036 3260 titulo
1084 3196 1385 3259 exstitisse
1433 3194 1688 3259 affirmat
1736 3198 1944 3279 (supra
1990 3218 2048 3279 p.
2100 3196 2271 3278 219).

780 3314 1027 3379 Praeter
1070 3314 1359 3395 διαιρέσεις
1422 3314 1487 3377 in
1549 3313 1827 3398 Epistola
1887 3311 2055 3377 XIII
2115 3314 2297 3377 etiam
2359 3312 2586 3377 mentio
2631 3312 2701 3376 fit

689 3440 800 3500 τῶν
858 3434 1270 3514 Πυθαγορείων.
1386 3432 1555 3511 Quid
1613 3432 1979 3516 intelligitur
2041 3431 2154 3494 hoc
2216 3430 2444 3494 titulo?
2521 3430 2699 3493 Credi

656 3618 671 3639 s
692 3560 895 3637 posset
940 3552 1265 3637 significari
1310 3551 1585 3615 Platonis
1633 3551 1984 3627 Timaeum,
2032 3550 2099 3613 in
2145 3571 2267 3633 quo
2299 3549 2541 3633 dialogo
2575 3550 2701 3634 phi-

690 3669 982 3755 losophus
1035 3670 1139 3733 ille
1185 3669 1635 3755 PythagoreuS,
1685 3670 1860 3733 cuius
1907 3669 2152 3732 nomine
2198 3668 2528 3752 inscriptus
2577 3676 2698 3747 est,

692 3790 915 3875 primas
962 3790 1089 3873 agit
1136 3796 1369 3873 parteS,
1418 3788 1933 3873 quemadmodum
1965 3787 2150 3851 ceteri
2181 3786 2441 3871 dialogi,
2476 3788 2538 3849 in
2572 3789 2700 3869 qui-

682 4078 687 4083 ’
761 4076 808 4137 1)
845 4076 948 4124 Hoc
993 4076 1096 4124 loco
1144 4074 1394 4139 Speusippi
1438 4076 1702 4145 διαιρέσεις,
1751 4090 1869 4138 quae
1915 4091 1942 4123 a
1985 4074 2176 4123 Laertio
2225 4074 2349 4123 inter
2385 4074 2528 4122 huius·
2558 4088 2697 4136 opera

692 4172 928 4231 citantur,
964 4172 1219 4235 significari
1251 4186 1500 4239 perperam
1535 4171 1742 4234 conjecit
1775 4170 2038 4219 Suckovius
2072 4170 2105 4219 l.
2140 4170 2172 4218 1.

2898 260 2968 801 π
