3025 5067
1656 378 1735 440 76

690 580 1054 645 vocabulum
1115 582 1313 663 πορεία
1374 582 1450 646 de
1499 584 1863 670 migratione
1910 583 1989 648 ad
2032 584 2255 649 inferos
2304 583 2548 649 Platoni
2592 584 2719 648 fre-

691 720 882 781 quens
897 726 916 776 3
965 700 1086 763 vid.
1133 700 1280 765 ibid.
1330 724 1388 785 p.
1443 702 1566 763 115
1616 702 1707 764 A:
1756 699 1899 765 οὕτω
1946 702 2227 782 περιμένει
2266 704 2369 778 τὴν
2400 704 2478 773 εἷς
2503 703 2718 768 ‘'A130v

691 817 937 896 πορείοον.
1007 817 1236 882 Contra
1279 818 1533 883 verbum
1575 826 1789 885 νοστεῖν
1834 821 2143 904 poeticum
2189 828 2280 885 est
2318 843 2429 885 nec
2461 820 2717 884 Platoni

691 936 882 1021 magis
917 959 1100 1021 quam
1127 938 1340 1001 ceteris
1368 938 1593 1001 Atticis
1625 938 1943 1003 usitatum.
1998 938 2233 1004 Ultima
2261 940 2444 1004 verba
2474 938 2719 1011 πάντως

692 1064 982 1136 meva-xxa?
1045 1062 1192 1119 sunt
1251 1056 1472 1120 inutile
1533 1055 2019 1122 additamentum
2079 1058 2173 1122 vel
2234 1058 2441 1143 potius
2489 1078 2723 1121 sonora

691 1174 966 1240 clausula
1009 1174 1311 1239 tumidam
1356 1174 1675 1264 periodum
1722 1182 1861 1260 apte
1912 1176 2145 1240 finiens
2744 1144 2758 1161 ⁶

777 1409 980 1475 Locus
1049 1434 1230 1495 quem
1289 1412 1545 1475 tractavi
1606 1412 1950 1497 exemplum
2014 1419 2106 1477 est
2166 1412 2410 1477 dicendi
2470 1411 2721 1497 generis

689 1531 1112 1616 grandiloqui3
1175 1540 1321 1596 sunt
1381 1532 1512 1611 alii,
1576 1532 1642 1596 in
1688 1531 1914 1615 quibus
1962 1521 2219 1617 scriptor
2263 1530 2539 1595 Platonis
2586 1530 2715 1594 ele-

687 1650 959 1733 gantiam
1005 1657 1065 1713 et
1111 1656 1489 1715 venustatem
1542 1650 1609 1714 in
1654 1649 2165 1735 descriptionibus
2213 1658 2275 1714 et
2321 1648 2715 1713 sermonibus

690 1768 948 1832 affectat.
1039 1766 1360 1833 Eiusmodi
1420 1775 1512 1832 est
1571 1769 1744 1833 locus
1794 1770 1903 1853 qui
1947 1769 2174 1854 legitur
2219 1792 2277 1854 p.
2337 1771 2462 1834 34⁷
2513 1774 2669 1831 extr.
2695 1816 2719 1846 ,

691 1888 798 1971 qui
843 1887 988 1951 huic
1032 1886 1436 1976 disputationi
1481 1888 1885 1973 colophonem
1929 1888 2223 1973 imponat.

773 2003 1056 2070 Laudata
1110 2013 1202 2070 est
1262 2006 1336 2070 ab
1399 2006 1681 2071 omnibus
1740 2006 2073 2071 dramatica
2117 2006 2392 2070 Platonis
2438 2028 2532 2069 ars
2579 2026 2715 2089 qua

687 2125 755 2188 in
799 2124 1059 2209 dialogis
1105 2124 1537 2209 componendis
1583 2147 1731 2188 usus
1780 2132 1888 2189 est.
1960 2124 2285 2209 Colloquia
2329 2146 2575 2209 prorsus
2622 2110 2733 2187 ad*

691 2242 1156 2307 similitudinem
1203 2243 1517 2307 familiaris
1564 2244 1724 2307 vitae
1770 2250 1832 2307 et
1862 2243 2325 2308 consuetudinis
2357 2243 2716 2307 Atticorum

689 2369 835 2426 sunt
873 2363 1246 2447 composita3
1295 2385 1589 2449 personae
1633 2362 1721 2425 ita
1750 2364 2093 2447 pinguntur
2123 2369 2194 2426 ut
2226 2384 2436 2426 eorum
2464 2382 2668 2426 mores
2691 2412 2715 2439 ,

689 2502 900 2544 sensus
949 2486 1012 2543 et
1057 2480 1306 2545 affectus
1353 2481 1530 2565 quasi
1570 2502 1778 2545 cernas
1789 2508 1807 2559 3
1856 2480 2027 2545 locus
2058 2481 2189 2565 ipse
2220 2481 2389 2545 velut
2419 2501 2714 2565 praesens

691 2605 828 2663 ante
875 2599 1085 2663 oculos
1131 2599 1400 2683 ponitur.
1465 2598 1709 2679 Quibus
1756 2600 1938 2664 rebus
1985 2598 2269 2664 effectum
2315 2605 2436 2677 est,
2484 2604 2555 2662 ut
2600 2596 2721 2661 So-

691 2718 900 2782 cratici
959 2718 1187 2803 dialogi
1246 2741 1371 2783 non
1430 2719 1625 2803 magis
1678 2741 1881 2783 rerum
1940 2726 2000 2783 et
2046 2719 2486 2804 cogitationum
2531 2718 2723 2802 copia.

693 2858 875 2921 quam
938 2837 1176 2923 potitica
1235 2844 1551 2901 venustate
1612 2837 1735 2901 sint
1794 2838 2061 2922 insignes
2124 2844 2185 2901 et
2234 2859 2361 2901 non
2404 2836 2720 2901 immerito

688 2955 1030 3019 dramatum
1088 2956 1154 3019 in
1217 2978 1539 3020 numerum
1600 2962 2051 3020 accenseantur.
2146 2955 2721 3041 Epistolographus

699 3082 906 3139 noster
943 3075 1127 3139 etiam
1162 3074 1276 3138 hac
1312 3075 1379 3139 in
1417 3081 1590 3160 parte
1627 3074 1901 3139 Platonis
1942 3082 2137 3139 artem
2173 3075 2401 3139 imitari
2431 3073 2709 3138 voluisse

691 3193 949 3258 videtur.
1036 3193 1368 3257 Videamus
1385 3243 1402 3271 ,
1469 3192 1776 3277 quomodo
1821 3193 1886 3257 id
1934 3194 1989 3257 ei
2035 3194 2410 3258 successerit.
2501 3191 2719 3255 Locus

691 3335 870 3396 quem
931 3312 1193 3377 indicavi
1254 3315 1336 3397 (p.
1386 3315 1508 3378 347
1561 3312 1637 3396 E)
1685 3318 1777 3376 est
1824 3313 2115 3397 epistolae
2163 3313 2338 3396 quasi
2383 3313 2661 3398 epilogus
2682 3363 2707 3391 ,

693 3453 815 3515 quo
862 3431 1224 3509 ostenditur,
1273 3430 1579 3516 quomodo
1620 3430 1899 3495 simultas
1930 3432 2089 3495 inter
2119 3431 2440 3495 Platonem
2471 3437 2531 3493 et
2560 3430 2721 3493 Dio-

695 3550 937 3636 nysium
997 3549 1108 3613 diu
1167 3550 1362 3614 celata
1421 3549 1669 3613 tandem
1720 3550 1787 3613 in
1836 3556 2103 3635 apertam
2148 3550 2531 3613 inimicitiam
2576 3570 2723 3613 eru-

693 3671 870 3755 perit.
921 3670 1210 3755 ·Scriptor
1252 3670 1411 3734 hanc
1456 3676 1689 3755 partem
1735 3678 2030 3754 tanquam
2080 3676 2418 3733 extremum
2458 3666 2720 3754 ‚fabulae

691 3796 895 3853 actum
941 3789 1151 3874 pulcre
1198 3811 1486 3854 exornare
1533 3788 1793 3886 studuit.

781 3906 980 3987 Μέχρι
1047 3907 1154 3985 μὲν
1215 3908 1280 3983 δὴ
1325 3908 1539 3974 τούτων
1594 3907 1785 3988 ταύτῃ
1843 3931 1937 3984 μοι
1982 3905 2406 3985 βεβοηθημένον
2450 3902 2719 3982 ἐγεγόνει

694 4028 1020 4109 φιλοσοφίᾳ
1077 4022 1175 4093 uda}
1236 4028 1429 4110 φίλοις
1456 4050 1473 4066 ·
1521 4029 1586 4094 τὸ
1630 4028 1691 4091 δὲ
1732 4028 1893 4105 μετὰ
1943 4034 2147 4093 τοιῦτοο
2190 4026 2404 4107 ἐζῶμεν
2446 4027 2561 4103 ἐγὼ
2604 4028 2717 4091 καὶ

697 4144 1013 4228 Διονύσιος,
1085 4147 1198 4223 ἐγὼ
1243 4146 1348 4225 μὲν
1393 4147 1633 4224 βλέπων
1675 4144 1781 4222 ἔξω
1840 4145 2101 4226 καθάπερ
2147 4144 2281 4226 ὄρνις
2328 4146 2505 4209 ποθῶν
2545 4145 2719 4211 ποθὲν
