3025 5067
1599 413 1719 473 106

653 618 920 681 nicarum
967 619 1330 703 aucupium,
1380 619 1606 683 similes
1652 619 1941 682 orationis
1988 618 2266 703 ambages
2301 625 2361 681 et
2392 640 2614 702 pompa
2633 667 2656 694 ,

657 736 954 799 antitheta
969 786 987 813 ‚
1037 759 1400 821 synonyma,
1435 745 1634 802 cetera
1663 737 1729 801 id
1758 760 1984 821 genus3
2020 737 2126 801 sed
2158 738 2339 800 etiam
2370 737 2665 819 frequens

650 854 978 919 eorundem
1036 854 1470 920 vocabulorum
1524 864 1585 920 et
1631 852 2154 919 constructionum
2216 878 2381 919 usus,
2478 852 2663 918 Idem

647 980 737 1036 est
778 974 842 1037 in
889 980 1147 1057 utraque
1180 975 1434 1059 epistola
1457 975 1683 1039 abusus
1711 974 1988 1039 vocabuli
2010 974 2239 1055 σχεδόν.
2267 973 2407 1036 Vid.
2433 997 2491 1057 p.
2520 976 2659 1035 352

645 1091 730 1169 Ε,
780 1094 906 1155 353
956 1094 1046 1169 A,
1093 1092 1187 1170 D,
1237 1092 1324 1170 Ε,
1373 1095 1496 1158 357
1549 1093 1621 1156 Β.
1680 1092 2153 1157 Circumloeutio
2202 1091 2369 1155 verbi
2414 1091 2663 1169 ylva-

646 1211 764 1287 θαι,
820 1210 1100 1295 frequens
1146 1211 1211 1275 in
1257 1212 1456 1296 priore
1503 1212 1761 1295 epistola
1806 1211 1902 1295 (cf.
1952 1234 2012 1295 p.
2048 1213 2177 1294 43),
2232 1210 2412 1274 etiam
2452 1211 2515 1273 in
2538 1209 2665 1273 hac

656 1352 777 1392 11611
839 1329 1022 1395 semel
1076 1330 1378 1407 occurrit,
1427 1339 1498 1394 ut
1544 1354 1602 1414 p.
1653 1333 1779 1394 353
1834 1330 1921 1393 B:
1970 1312 2264 1407 ξυμβῆναι
2310 1328 2619 1405 γενομένην
2642 1378 2665 1403 ,

653 1448 780 1511 ibid
825 1448 918 1511 D:
967 1448 1277 1527 ξυμβαίνει
1322 1450 1680 1526 γιγνόμενον,
1730 1456 1791 1512 et
1819 1448 2029 1513 >eadem
2061 1448 2282 1531 pagina
2315 1448 2406 1509 A:
2442 1446 2667 1524 ἐκβαρ-

653 1567 1008 1646 βαρωθεῖσαν
1075 1567 1337 1643 γενέσθαι
1400 1590 1508 1651 pro
1557 1566 2086 1647 ἐκβαρβαρωθῆναι.
2194 1564 2463 1628 Verbum
2510 1564 2665 1640 δεῖν,

654 1685 820 1769 quod
851 1685 914 1748 in
947 1686 1254 1769 superiore
1284 1686 1660 1763 notavimuS,
1694 1708 1751 1770 p.
1780 1688 1885 1763 45,
1913 1708 2019 1769 per
2043 1683 2478 1749 abundantiam
2502 1683 2673 1766 posi-

652 1812 786 1869 tum
862 1826 920 1889 p.
1001 1806 1126 1867 352
1206 1803 1299 1868 D:
1363 1803 1671 1881 ξυμβουλὴ
1732 1804 1797 1879 δη
1856 1803 1981 1884 περὶ
2043 1808 2153 1867 τῶν
2220 1802 2478 1868 τοιούτων
2536 1802 2671 1880 ὀρθὴ

651 1923 794 1989 δόκει
852 1922 1131 1988 ἑκάστοτε
1189 1930 1307 1995 τοῖς
1361 1930 1597 1993 πολλοῖς
1624 1896 1784 1987 ἐἶναι
1830 1928 2031 1987 ταῦτα
2074 1920 2490 1999 ξυμβουλεύειν
2520 1920 2665 2000 δεῖν,

651 2042 770 2107 κτὲ.
862 2040 1141 2124 Denique
1195 2040 1402 2105 eadem
1476 2048 1568 2105 est
1615 2041 1913 2105 affectatio
1960 2039 2273 2125 gravitatis
2288 2089 2307 2116 ,
2354 2037 2514 2102 idem
2560 2044 2669 2101 tu-

649 2181 812 2236 mor,
876 2157 1118 2223 eaedem
1164 2160 1437 2244 argutiae
1455 2208 1470 2234 ,
1522 2158 1687 2242 quod
1736 2166 1806 2222 ut
1852 2165 2169 2243 appareat,
2216 2157 2397 2221 liceat
2434 2155 2666 2241 episto-

649 2278 770 2341 lam
815 2277 1070 2363 carptim
1114 2300 1477 2363 percurrere.

734 2515 883 2579 Post
929 2516 1354 2580 salutationem
1401 2515 1551 2580 dicit
1594 2516 1774 2579 haee:
1823 2514 2037 2595 ἐλπίζω
2085 2514 2132 2577 δ’
2155 2517 2271 2593 οὐχ
2304 2514 2436 2589 ὑμῖν
2466 2512 2660 2588 μόνοις

643 2632 1097 2713 ξυμβουλεύσειν
1155 2634 1236 2698 τα
1290 2632 1689 2714 ξυμφέροντα,
1738 2632 2010 2710 μαλιστα
2055 2656 2130 2709 γε
2175 2634 2289 2707 μὴν
2336 2632 2467 2707 ὑμῖν
2485 2680 2503 2705 ,
2551 2630 2661 2694 καὶ

645 2753 915 2833 δευτέροις
975 2758 1122 2820 πᾶσι
1192 2761 1310 2825 τοῖς
1386 2756 1442 2818 ἐν
1509 2752 1897 2833 Συρακούσαις
1914 2804 1931 2827 ,
1993 2751 2197 2831 τρίτοις
2266 2750 2314 2813 δ’
2338 2750 2493 2827 ὑμῶν
2552 2750 2661 2813 καὶ

643 2878 762 2943 τοῖς
799 2872 1014 2952 ἐχθροῖς
1051 2872 1149 2937 καὶ
1187 2872 1478 2949 πολεμίοις
1494 2922 1513 2950 ,
1569 2873 1721 2945 πλὴν
1763 2869 1817 2935 εί
1856 2896 1943 2940 τις
1990 2848 2347 2950 οἰνοσιουργός
2392 2868 2661 2945 γέγονεν.

645 2991 722 3055 In
759 2990 887 3055 his:
926 2990 1199 3068 μάλιστα
1237 2992 1369 3069 ὑμῖν
1413 3028 1504 3039 —-
1540 2990 1806 3068 δευτέροις
1850 3028 1941 3037 -
1985 2988 2189 3067 τρίτοις
2202 3038 2221 3066 ,
2273 2986 2661 3071 agnoscimus

645 3109 906 3174 colorem
967 3110 1294 3193 superioris
1355 3109 1646 3195 epistolae
1705 3109 1803 3193 (of.
1867 3132 1925 3193 p.
1976 3110 2103 3192 35).
2190 3104 2359 3169 Illud
2404 3105 2661 3172 ternarii

642 3226 880 3291 numeri
937 3226 1268 3312 aucupium
1315 3226 1583 3290 cernitur
1627 3226 1811 3290 etiam
1856 3248 1917 3309 p.
1968 3226 2095 3287 355
2144 3222 2234 3285 B:
2284 3220 2518 3298 δέξασθε
2564 3222 2659 3287 νό-

645 3369 784 3421 μους
802 3395 819 3426 ,
868 3341 1059 3417 οἵτινες
1107 3344 1180 3409 ἂν
1227 3346 1361 3421 ὑμῖν
1407 3344 1731 3427 φαίνωνται
1780 3345 1863 3420 μη
1910 3343 2045 3422 πρὸς
2091 3340 2503 3422 χρηματισμὸν
2548 3339 2657 3405 καὶ

645 3467 890 3527 πλοῦτον
934 3462 1238 3543 τρέψοντες
1283 3464 1394 3529 τὰς
1440 3462 1683 3539 γνώμας
1731 3463 1885 3539 ὑμῶν
1930 3462 2073 3539 μήτ’
2122 3460 2426 3536 ἐπιθυμίας
2442 3508 2461 3536 ,
2506 3461 2657 3523 ἀλλ’

641 3582 819 3655 ὅντωη
855 3581 1017 3661 τρίων
1035 3632 1054 3664 ,
1101 3587 1306 3661 ψυχῆς
1352 3581 1451 3644 καὶ
1500 3581 1772 3656 σώματος
1787 3630 1807 3657 ,
1834 3580 1915 3645 ἔτι
1939 3579 1995 3643 δὲ
2026 3578 2345 3659 χρημάτων
2361 3626 2378 3657 ,
2412 3578 2514 3650 τὴν
2544 3584 2657 3650 τῆς

643 3706 848 3779 ψυχῆς
885 3700 1090 3777 οἰρετην
1127 3698 1605 3776 ἐντιμοτάτην
1644 3704 1957 3775 ποιοῦντες,
1994 3697 2321 3776 δευτέραν
2344 3695 2403 3759 δὲ
2424 3696 2526 3769 τὴν
2546 3701 2656 3759 τοῦ

643 3821 912 3893 σώματος
958 3816 1068 3880 ὑπὸ
1111 3826 1185 3898 τῇ
1231 3825 1336 3891 τῆς
1381 3823 1587 3897 ψυχῆς
1632 3815 1921 3897 κειμένην,
1970 3815 2207 3895 τρίτην
2244 3812 2433 3877 δὲκαὶ
2467 3810 2653 3876 ὑστα-

643 3959 746 4009 την
790 3938 893 4009 τὴν
937 3941 1048 3998 τῶν
1097 3934 1416 4015 χρημάτων
1464 3936 1638 4011 τιμὴν
1683 3935 1803 4000 κτέ.
1878 3932 2113 3998 Omitto
2160 3932 2438 3995 vitiosam
2475 3932 2655 4015 junc-

643 4060 876 4116 turam:
923 4055 1008 4131 μη
1039 4103 1053 4118 .
1085 4103 1098 4118 .
1129 4101 1143 4116 .
1191 4054 1493 4133 τρέψοντες
1540 4053 1650 4126 τοὶς
1690 4053 1930 4129 γνώμας
1960 4054 2113 4129 ὑμῶν
2136 4051 2296 4127 μήτ’
2319 4050 2650 4143 ἐπιθυμίας.

645 4170 958 4239 Sententia
1005 4178 1206 4235 autem
1256 4170 1332 4234 de
1377 4170 1605 4257 triplici
1650 4170 1945 4237 bonorum
1994 4192 2210 4257 genere
2240 4169 2356 4233 hoc
2387 4169 2520 4238 1666
2554 4176 2649 4233 est
