3025 5067
1586 355 1665 417 ⁷2

609 584 754 637 των,
819 559 893 623 de
955 555 1028 623 iis
1093 560 1200 643 qui
1264 560 1441 623 tertio
1505 569 1566 624 et
1629 561 1847 625 ultimo
1901 560 2037 623 loco
2084 558 2319 643 aliquid
2365 558 2601 622 faciunt
2620 584 2637 619 :

615 700 799 763 quam
875 678 1176 763 proverbii
1253 678 1372 742 vim
1443 679 1602 743 clare
1670 679 2048 743 demonstrat
2114 679 2286 741 locus
2356 676 2639 741 Pla-tonis

613 796 686 860 de
751 794 942 881 Legg.
1013 796 1152 874 HI,
1223 820 1282 881 p.
1357 799 1484 860 692
1555 800 1647 876 A,
1719 798 2025 882 ceterique
2096 796 2267 860 citati
2320 794 2396 860 ab
2448 794 2643 859 Hein-

617 915 810 978 dorfio
872 914 948 979 ad
1010 914 1318 979 Charmid.
1381 915 1447 979 11.
1496 915 1727 980 Eodem
1774 922 2007 1001 spectat
2052 916 2201 979 haee
2246 914 2527 1001 Epistola
2570 937 2639 998 p.

613 1036 739 1097 340
791 1034 880 1097 A:
930 1035 1098 1099 ἐλθὼν
1144 1030 1285 1098 δὀὖν
1328 1040 1394 1098 τὸ
1425 1036 1610 1114 τρίτον
1639 1036 1720 1115 τῷ
1751 1042 1993 1116 σωτῆρι,
2020 1040 2185 1099 τοῦτο
2217 1028 2372 1110 γὀὗν
2403 1030 2637 1111 ἔπραξα

611 1150 800 1223 ὅντως.
873 1150 1189 1237 Originem
1235 1151 1412 1216 duxit
1451 1152 1567 1215 hoo
1599 1152 1987 1238 proverbium
2018 1174 2051 1215 e
2085 1151 2314 1235 triplici
2344 1149 2645 1215 libatione

621 1291 776 1354 quae
821 1271 1008 1334 finitis
1055 1270 1251 1355 epulis
1297 1271 1545 1334 institui
1590 1270 1823 1335 solebat
1840 1320 1857 1348 ,
1908 1293 2170 1354 quarum
2206 1270 2429 1333 ultima
2456 1267 2647 1332 fiebat

615 1397 681 1459 in
741 1388 1030 1453 honorem
1093 1388 1227 1460 Διὸς
1273 1396 1537 1468 σωτῆρος.
1620 1387 1763 1451 Vid.
1812 1388 2017 1452 Schol.
2066 1387 2143 1451 ad
2187 1386 2367 1451 Pind.
2415 1386 2641 1451 Isthm.

615 1505 728 1584 IV,
795 1510 897 1570 10.
961 1507 1213 1571 Pierson
1270 1506 1346 1570 ad
1409 1506 1601 1571 Moer.
1667 1530 1726 1591 p.
1796 1509 1899 1572 72.
1953 1505 2109 1571 Inde
2156 1512 2408 1591 apparet
2454 1526 2644 1587 quam

617 1624 766 1688 scite
811 1634 1018 1689 noster
1063 1626 1179 1689 hoo
1224 1624 1543 1710 proverbio
1589 1647 1739 1689 usus
1786 1625 1899 1703 sit,
1936 1625 2042 1708 qui
2076 1646 2107 1687 e
2138 1624 2321 1688 tertia
2353 1622 2649 1687 libatione

617 1742 680 1804 in
743 1742 1033 1807 honorem
1094 1742 1286 1806 Iovis'
1323 1744 1644 1806 servatoris
1691 1743 1845 1807 fecit·
1878 1744 2112 1807 tertium
2157 1744 2349 1807 Iovem
2396 1747 2645 1805 servato-

619 1882 738 1924 rem
784 1861 942 1943 (Διὸς
987 1860 1176 1942 τρίτου
1220 1863 1508 1945 σωτῆρος).

709 1978 825 2043 His
873 1986 1075 2043 autem
1121 1980 1390 2043 annectit
1423 1980 1788 2043 sententiam
1822 1978 1897 2043 de
1928 1977 2279 2045 conditione
2311 1985 2451 2063 post
2481 1999 2638 2041 mor—

626 2104 768 2160 tem.
856 2096 954 2160 Sic
1000 2098 1230 2183 pergit:
1279 2096 1412 2162 οὔτε
1457 2099 1575 2177 γαρ
1623 2098 1882 2180 πέφυκεν
1928 2098 2214 2169 ἀθάνατος
2262 2100 2419 2175 ἡμῶν
2472 2095 2652 2167 οὐδεὶς

620 2216 759 2293 οὔτ’,
805 2215 858 2280 εἴ
897 2242 978 2295 τῳ
1021 2214 1286 2294 ξυμβαίη
1305 2268 1324 2293 ,
1365 2216 1573 2293 γένοιτ’
1618 2215 1689 2281 ἂν
1719 2217 2033 2295 εὐδαίμων,
2065 2219 2138 2289 ὡς
2170 2216 2323 2281 δοκεῖ
2347 2222 2463 2287 τοῖς
2505 2230 2651 2279 πολ-

622 2341 742 2405 λοῖς
763 2354 777 2369 ·
823 2334 1000 2397 κακὸν
1029 2335 1147 2413 γαρ
1193 2333 1290 2397 καὶ
1335 2333 1560 2411 ἀγαθὸν
1606 2335 1756 2399 οὐδὲν
1802 2336 1977 2412 λόγου
2002 2334 2159 2411 ἄξιόν
2190 2336 2312 2399 ἐστι
2343 2340 2461 2405 τοῖς
2488 2334 2651 2424 ἄφθ-

623 2476 753 2531 χοις
773 2502 792 2534 ,
845 2452 986 2516 ἀλλ’
1042 2453 1076 2527 ἢ
1139 2452 1300 2529 μετὰ
1344 2452 1614 2529 σώματος
1663 2452 1799 2534 οὔσῃ
1844 2460 2018 2535 ψυχῇ
2063 2457 2231 2517 τοῦτο
2276 2450 2651 2529 ξυμβήσεται

626 2570 842 2651 ἑκάστη
896 2572 928 2645 ἢ
975 2571 1364 2653 κεχωρισμένη
1382 2624 1397 2637 .
1446 2570 1733 2637 πείθεσθαι
1781 2572 1829 2636 δ’
1853 2545 2020 2643 ὅντως
2067 2573 2158 2637 οὶεὶ
2206 2574 2324 2653 χρη
2368 2578 2485 2643 τοῖς
2532 2594 2650 2634 πα-

627 2689 806 2761 λαίοις
867 2714 935 2753 τε
987 2690 1087 2753 καὶ
1150 2691 1309 2769 ἱεροῖς
1355 2690 1583 2773 λόγοις,
1633 2692 1680 2754 οἱ
1726 2692 1791 2765 δη
1834 2692 2136 2769 μηνύουσιν
2181 2696 2321 2769 ’ἡμῖν
2366 2687 2653 2753 ἀθάνατον

631 2808 835 2887 ψυχὴν
879 2802 1022 2870 εἶναι
1068 2805 1350 2882 δικαστάς
1396 2809 1450 2870 τ’
1478 2805 1667 2887 ἴσχειν
1715 2808 1814 2872 καὶ
1859 2811 2027 2873 τίνειν
2071 2809 2183 2881 τὰς
2228 2808 2524 2886 μεγίστας
2568 2832 2653 2871 τι-

628 2926 882 3007 μωρίας,
928 2922 1068 2989 ὅταν
1110 2948 1198 2996 τις
1243 2926 1619 3008 οὶπαλλοέχθη
1660 2933 1763 2991 τοῦ
1809 2928 2107 3006 σώματος·
2156 2926 2235 2992 διὸ
2282 2926 2380 2991 καὶ
2428 2926 2509 2990 τοὶ
2546 2950 2647 3002 με·

629 3045 802 3121 γαλα
861 3042 1276 3121 ἁμαρτήματα
1347 3044 1444 3107 καὶ
1511 3045 1857 3123 ἀδικήματα
1910 3045 2272 3127 σμικρότερον
2331 3042 2473 3109 εἶναι
2532 3045 2651 3126 χρὴ

633 3160 874 3241 νομίζειν
917 3160 1090 3225 κακὸν
1136 3159 1394 3241 πάσχειν
1441 3161 1474 3236 ἢ
1525 3162 1761 3241 δρᾶσαι·
1819 3160 1890 3227 ὧν
1936 3164 2001 3239 δη
2047 3165 2498 3247 φιλοχρήματος
2544 3160 2648 3226 πέ·

636 3305 728 3355 νης
773 3284 830 3342 τ’
851 3280 990 3359 ἀνὴρ
1034 3280 1138 3353 τὴν
1171 3281 1375 3359 ψυχὴν
1396 3280 1517 3343 οὔτ’
1538 3280 1761 3357 οὶκούει,
1789 3282 1888 3345 ἐὰν
1922 3286 1977 3345 τ’
2000 3282 2247 3365 ἀκούσῃ,
2272 3283 2651 3356 καταγελῶν,

635 3401 707 3470 ὡς
775 3398 952 3463 οἴεται
967 3447 984 3479 ,
1057 3398 1429 3479 πανταχόθεν
1497 3400 1741 3471 ἀναιδῶς
1786 3400 2031 3481 οὶρποὶζει
2078 3406 2199 3466 ποῖν
2250 3398 2286 3465 δ’
2324 3425 2381 3465 τι
2428 3424 2534 3479 περ
2580 3398 2655 3463 ἂν

637 3516 851 3592 οἴηται,
898 3516 1158 3598 καθάπερ
1204 3504 1374 3596 θηρίον
1390 3567 1410 3601 ‚
1457 3526 1686 3600 φαγεῖν
1734 3520 1766 3595 ἢ
1814 3526 1961 3584 πιεῖν
2006 3520 2040 3596 ἢ
2078 3521 2202 3597 περὶ
2237 3521 2341 3593 τὴν
2375 3520 2655 3598 ἀνδραπο-

639 3637 780 3711 δώδη
825 3636 923 3700 καὶ
969 3634 1324 3719 οὶχρέριστον,
1371 3638 1693 3719 ἀφροδίσιον
1738 3639 2057 3718 λεγομένην
2102 3643 2203 3705 οὐκ
2246 3640 2409 3719 ὀρθῶς
2419 3688 2439 3717 ,
2466 3638 2657 3714 ἡδονὴν

641 3762 842 3836 ποριεῖν
889 3756 1046 3836 αὑτῷ
1092 3755 1158 3818 τὸ
1204 3758 1288 3832 μη
1335 3752 1755 3832 πίμπλασθαι,
1788 3759 1833 3841 ¹)
1878 3758 2103 3842 τυφλὸς
2146 3758 2221 3828 ἰὸν
2266 3758 2364 3823 καὶ
2389 3760 2503 3837 οὐχ
2526 3757 2657 3837 ὁρῶν

713 4043 759 4103 1)
796 4040 927 4091 Libri
961 4040 1043 4089 alii
1077 4050 1146 4109 τῷ
1176 4048 1244 4108 μὴ
1277 4045 1587 4107 πίμπλασθαι,
1622 4042 1703 4092 alii
1738 4048 1849 4107 τοῦ,
1887 4043 2106 4097 nonnulli
2142 4044 2374 4093 omittunt
2406 4053 2490 4108 μή.
2528 4043 2661 4093 Dati-

644 4154 730 4189 vus
764 4148 859 4210 τῷ,
897 4154 1037 4201 quem
1070 4137 1284 4205 plerique
1316 4145 1623 4203 receperunt,
1664 4156 1759 4188 non
1794 4144 1951 4207 potest
1986 4139 2233 4206 explicari,
2268 4140 2361 4189 nisi
2382 4138 2663 4207 suppleatur
