3025 5067
1272 381 1394 442 109

318 582 393 659 ἥν
455 609 595 650 ποτε
654 584 1024 660 κατέστησαν
1087 587 1134 651 οἱ
1181 586 1426 668 πατέρες
1477 588 1631 665 ὑμῶν
1676 588 1755 659 εἰς
1799 587 2039 669 άπορίαν
2082 587 2337 660 ἔλθοντες

314 704 431 776 τὴν
479 701 721 768 ἅπασαν
737 753 778 786 ,7
807 703 923 768 τόθ’
968 701 1062 769 ὅτε
1117 703 1359 778 κίνδυνος
1405 706 1633 784 ἐγένετο
1680 705 1933 786 ἔσχατος
1978 707 2219 790 Σικελίᾳ
2262 717 2335 788 τῇ

313 827 436 884 τῶν
477 823 764 897 Ἑλλήνων
813 823 921 887 ὑπὸ
965 823 1360 904 Καρχηδονίων
1403 821 1735 889 άνάστατον
1786 821 1920 900 ἕλην
1964 825 2337 906 ἐκβαρβαρω-

315 940 519 1003 θεῖσαν
563 938 848 1016 γενέσθαι.
894 939 1063 1020 Quid
1108 941 1304 1005 verbis
1349 939 1669 1018 ξυγγενεία
1714 940 1829 1017 μία
1872 941 1967 1006 διὰ
1990 942 2187 1014 τέλους
2221 942 2336 1026 sig-

315 1058 604 1122 nificetur
650 1061 928 1145 conjectu
973 1059 1217 1124 difficile
1263 1066 1450 1137 esset,
1483 1059 1603 1124 nisi
1625 1082 1719 1124 res
1742 1059 2056 1124 indicaret.
2103 1059 2338 1124 Intelli-

317 1178 492 1260 gitur
552 1202 768 1264 nempe
821 1179 980 1243 hoc:
1025 1177 1166 1259 Quo
1211 1187 1484 1264 tempore
1530 1187 1729 1244 metus
1775 1187 1904 1243 erat
1952 1202 2029 1243 ne
2073 1186 2204 1243 tota
2248 1178 2335 1243 Si-

319 1297 468 1361 cilia
518 1320 555 1361 a
604 1296 1208 1382 Carthaginiensibus
1253 1299 1717 1384 opprimeretur,
1769 1299 1927 1362 cives
1973 1297 2335 1382 Syracusani

317 1415 650 1499 imperium
707 1415 1075 1480 mandarunt
1120 1415 1360 1482 duobus
1407 1417 1554 1481 viris
1601 1416 1961 1501 propinquis
1971 1464 1990 1494 ,
2038 1407 2334 1500 Dionysio

319 1541 387 1597 et
443 1533 784 1620 Hipparino
800 1584 819 1613 ,
867 1535 1030 1600 unde
1077 1537 1206 1600 nati
1251 1537 1585 1622 Dionysius
1632 1543 1693 1600 et
1730 1534 2109 1620 Hipparinus
2135 1534 2335 1619 junio-

315 1675 438 1717 res,
530 1653 708 1718 Hanc
769 1655 960 1739 igitur
1019 1656 1366 1741 principum
1426 1655 1718 1720 familiam
1779 1653 1929 1717 dicit
1985 1651 2333 1730 ξυγγενείαν

315 1773 500 1849 μίαν,
550 1773 698 1838 scite
729 1780 932 1838 autem
965 1773 1162 1838 addit:
1195 1775 1290 1840 δια
1319 1776 1519 1846 τέλους
1550 1772 1756 1854 ἄρχει,
1776 1778 2061 1856 perpetuo
2092 1779 2293 1854 τροπαί
2308 1820 2327 1848 ,

317 1889 500 1954 ambo
545 1891 774 1955 scilicet
819 1915 1005 1976 regno
1051 1916 1241 1978 paene
1287 1865 1515 1958 orbati!
1608 1893 1721 1956 Est
1766 1891 1924 1956 illud
1956 1892 2328 1957 abstractum

314 2031 431 2093 pro
493 2017 804 2089 concret0,
869 2012 1034 2095 quod
1095 2012 1319 2076 dicitur
1339 2062 1356 2090 ,
1422 2012 1568 2075 satis
1623 2010 1846 2102 durum
1862 2037 1880 2088 3
1928 2009 2125 2074 simile
2170 2010 2287 2073 hoc
2307 2059 2326 2087 ‚
2384 2044 2393 2048 -

315 2127 518 2212 Epist.
566 2127 724 2207 VII,
772 2152 832 2214 p.
867 2133 995 2192 344
1027 2130 1118 2193 D:
1167 2131 1245 2203 εἰς
1291 2130 1584 2210 άναρχίαν
1629 2128 1727 2194 καὶ
1758 2113 2080 2207 οὶπρεπείαν
2112 2127 2330 2206 ἐκβάλ·

313 2261 474 2328 λειν,
521 2247 582 2311 h.
633 2270 682 2310 e.
733 2246 1013 2332 evulgare
1056 2249 1120 2313 in
1160 2247 1274 2312 vile
1303 2249 1507 2329 vulqus
1591 2245 2054 2310 Animadvertas
2086 2267 2329 2331 quoquc

314 2363 632 2450 cumulata
691 2365 991 2449 epitheta:
1053 2367 1134 2438 εἷς
1193 2366 1434 2446 άπορίαν
1493 2367 1616 2438 τὴν
1684 2364 2017 2439 άπάσαν,
2088 2365 2329 2436 κίνδυνος

313 2484 664 2564 ἔσχατος,
699 2485 1030 2550 άνάστατον
1068 2483 1234 2559 δ’λήν
1273 2482 1815 2563 ἐκβαρβαρωθεῖσαν
1846 2483 2133 2560 γένεσθαι.
2183 2485 2328 2546 Α111·

313 2601 542 2687 pullae.
605 2601 876 2667 Verbum
932 2609 1134 2667 autem
1180 2601 1555 2682 ἐκβαρβαρόω
1574 2651 1591 2679 ,
1641 2602 1754 2664 etsi
1799 2623 1906 2685 per
1952 2623 2015 2665 se
2061 2600 2290 2666 bonum
2308 2650 2326 2678 ‚

313 2719 485 2804 apud
528 2719 845 2784 Platonem
890 2742 1016 2784 non
1059 2719 1305 2804 legitur.
2286 2793 2291 2799 ⁷

408 2838 662 2923 Pinguis
735 2847 796 2902 et
855 2839 1132 2924 adipatae
1194 2838 1478 2903 dictionis
1542 2838 1884 2921 exemplum
1946 2836 2119 2900 offert
2180 2837 2326 2900 haec

311 2959 619 3023 sententia
663 2982 722 3043 p.
773 2962 898 3022 353
947 2958 1038 3022 D:
1087 2963 1181 3024 νῦν
1226 2959 1273 3022 δ’
1296 2960 1496 3023 ἐννοεῖν
1552 2958 1706 3035 ὑμᾶς
1746 2958 2109 3041 ἀμφοτέρους
2145 2959 2327 3038 χρεὼν

309 3079 413 3142 καὶ
474 3079 1039 3156 ἀναμιμνήσκεσθαι,
1100 3075 1342 3149 ποσάκις
1401 3077 1457 3141 ἐν
1501 3076 1690 3141 ἐλπίδι
1736 3075 1984 3157 ἑκάτεροι
2032 3075 2323 3152 γεγόνατε

305 3202 415 3261 τοῦ
478 3203 571 3261 νῦν
627 3195 835 3262 οἴεσθαι
893 3196 1100 3277 σχεδὸν
1158 3195 1252 3260 άεί
1309 3218 1452 3267 τινος
1497 3200 1733 3274 σμικροῦ
1778 3195 2018 3265 ἐπιδεεῖς
2065 3189 2207 3258 εἶναι
2256 3195 2321 3258 τὸ

306 3316 400 3392 μὴ
462 3313 670 3382 πάντα.
705 3315 864 3379 κατα
909 3321 1031 3379 νοῦν
1075 3313 1368 3393 πράττειν.
1463 3311 1713 3393 Quanta
1758 3312 1945 3376 moles
2004 3311 2321 3376 verborum

307 3453 452 3516 pro:
501 3433 1038 3510 ἀναμιμνήσκεσθαι
1056 3484 1073 3507 ,
1122 3429 1364 3502 ποσάκις
1412 3432 1468 3494 ἐν
1513 3429 1705 3494 ἐλπίδι
1750 3430 1832 3494 ἐκ.
1881 3430 2171 3508 γεγόνατε
2204 3429 2322 3513 (vel

303 3547 556 3622 ποσάκις
602 3550 836 3634 ᾠήθήτε)
883 3555 977 3615 νῦν
1020 3551 1218 3627 ὄλιγοῦ
1264 3548 1376 3612 δεῖν
1422 3546 1623 3612 πάντα
1677 3547 1838 3612 κατὰ
1884 3552 2004 3612 νοῦν
2054 3545 2317 3613 ἔσεσθαιε

301 3677 670 3753 „reputate,
734 3669 970 3752 quoties
1024 3669 1151 3753 jam
1207 3689 1374 3752 spem
1422 3665 1820 3750 conceperitis
1868 3664 1995 3729 fore
2039 3673 2113 3729 ut
2157 3687 2322 3730 nunc

302 3787 558 3851 demum
604 3787 806 3851 omnia
867 3809 936 3850 ex
999 3786 1185 3850 animi
1249 3785 1548 3849 sententia
1594 3783 1963 3848 evenirent.”
2056 3783 2323 3868 Elegans

301 3905 544 3968 scilicet
619 3903 1076 3968 circumlocutio
1092 3952 1111 3982 ,
1175 3905 1232 3968 ἐν
1307 3901 1492 3967 ἐλπίδι
1561 3899 1853 3978 γεγόνατε
1920 3905 2022 3965 τοῦ
2090 3900 2315 3966 οἴεσθαι.

300 4020 472 4086 Tum
501 4021 710 4103 σχεδὸν
737 4022 860 4098 άεὶ,
908 4043 1102 4106 quum
1132 4020 1456 4106 praecessit
1485 4018 1725 4090 ποσάκις
1740 4072 1758 4094 ,
1803 4019 1981 4102 plane
2014 4017 2313 4094 abundat,

300 4149 498 4225 atque
555 4146 652 4206 νῦν
711 4141 866 4205 male
927 4141 1398 4225 transpositum,
1455 4161 1645 4222 quum
1689 4138 2067 4202 referendum
2114 4139 2194 4202 sit
2240 4138 2315 4201 ad
