3025 5067
1633 423 1753 482 156

615 701 628 722 ¹
681 601 814 694 tus:
859 631 922 694 hi
954 633 1312 709 στρατηγοὺς.-
1350 632 1414 694 in
1440 631 1543 715 jus
1578 639 1876 696 vocarunt
1905 637 1965 694 et
1996 640 2392 696 accusarunt.
2428 632 2472 712 ¹)
2505 629 2710 692 Even-

679 759 778 812 tus
847 755 1051 813 autem
1105 749 1264 826 fuit,
1315 748 1653 813 secundum
1701 748 2039 814 Diodorum
2090 772 2140 812 c.
2193 751 2311 825 92,
2383 757 2455 811 ut
2510 747 2706 811 duces

679 867 855 950 (quot
900 868 1128 932 fuerint
1184 891 1309 931 non
1367 867 1563 951 addit)
1608 890 1837 930 munere
1886 869 2142 931 abdicati
2189 867 2321 931 aliis
2367 866 2705 952 imperium

681 985 891 1049 cedere
951 985 1306 1050 debuerint:
1356 989 1382 1052 ὁ
1431 987 1605 1062 δῆμος
1654 985 1750 1050 καὶ
1800 986 1989 1049 πάλαι
2038 992 2217 1060 μισ-ὤν
2267 986 2399 1055 τοὺς
2448 1009 2707 1060 στρατη-

682 1103 821 1180 γοὺς
851 1155 864 1168 .
895 1153 909 1166 .
939 1154 954 1168 .
1017 1102 1353 1184 παραύτικω
1406 1105 1537 1175 τοὺς
1584 1103 1691 1182 μὲν
1734 1105 1907 1168 ἔλυσε
1950 1113 2054 1178 τῆς
2101 1105 2325 1184 ἀρχῆς,
2376 1103 2595 1196 ἑτέρους
2644 1103 2705 1165 δὲ

683 1220 864 1288 εἵλετο
918 1223 1314 1304 στρατηγοὺς,
1365 1225 1420 1287 ἐν
1481 1218 1559 1294 οἷς
1615 1225 1713 1287 καὶ
1783 1223 1878 1286 τὸν
1943 1224 2245 1288 Διονύσιον.
2348 1221 2707 1286 Secundum

683 1341 993 1427 Epistolae
1040 1364 1180 1405 vero
1229 1343 1577 1427 scriptorem
1635 1342 1841 1406 decem
1903 1341 2091 1405 duces
2152 1342 2447 1424 lapidibus
2509 1341 2709 1404 obruti

684 1470 838 1524 eunt.
890 1461 1145 1524 Diodori
1181 1461 1589 1524 narrationem
1620 1483 1823 1524 veram
1862 1484 1987 1525 esse
2028 1484 2100 1525 ex
2125 1484 2194 1525 eo
2221 1467 2499 1545 apparet,
2537 1459 2707 1544 quod

689 1579 872 1663 paulo
904 1586 1042 1664 post
1072 1581 1145 1662 (Ὅ.
1183 1583 1290 1664 96)
1315 1581 1495 1644 refert
1512 1630 1531 1657 ,
1560 1580 1945 1665 Dionysium,
1971 1603 2092 1664 quo
2116 1581 2307 1664 magis
2334 1587 2707 1664 potestatem

687 1720 859 1762 suam
919 1699 1206 1775 firmaret,
1274 1698 1350 1762 de
1411 1699 1612 1763 medio
1660 1700 1977 1764 sustulisse
2022 1699 2429 1783 Daphnaeum
2476 1711 2539 1762 et
2584 1697 2707 1761 De-

685 1815 1036 1894 marchum,
1085 1817 1192 1900 qui
1238 1817 1415 1880 ambo
1460 1818 1525 1880 in
1583 1817 1809 1882 ducum
1855 1817 2101 1880 illorum
2142 1839 2395 1880 numero
2435 1816 2701 1880 fuerant.

689 1935 890 1999 Etiam
945 1935 1170 1999 Groteo
1210 1935 1418 2021 judice
1465 1938 1545 2021 (p.
1596 1938 1723 2000 435
1771 1939 1926 2022 not.)
1986 1936 2242 2000 Diodori
2288 1936 2437 1999 fides
2483 1936 2600 2000 hac
2639 1936 2706 1999 in

686 2077 750 2118 re
795 2053 1144 2118 Platonicae
1199 2039 1490 2139 epistolae
1530 2056 1877 2120 testimonio
1911 2055 2334 2140 anteponenda
2365 2062 2474 2119 est.
2526 2054 2705 2134 Quae

686 2196 868 2238 causa
913 2174 1098 2237 fuerit
1143 2174 1358 2237 erroris
1374 2223 1393 2251 ,
1443 2173 1731 2258 ambigas
1823 2173 2083 2259 Legitne
2126 2175 2379 2238 fortasse
2421 2174 2485 2238 in
2519 2174 2709 2258 scrip-

684 2297 816 2356 tore
845 2293 1207 2356 κκτέλευσκν
1231 2311 1340 2377 pro
1364 2292 1741 2358 κατέλυσανΡ
1790 2293 1889 2367 An
1920 2293 2152 2356 factum
2183 2291 2705 2377 Syracusanorum

687 2410 964 2475 confudit
1016 2433 1154 2474 cum
1201 2410 1383 2474 simili
1431 2411 1591 2474 facto
1606 2461 1625 2490 ,
1677 2411 1839 2495 quod
1887 2413 1952 2475 in
1998 2411 2113 2476 hoc
2155 2413 2288 2497 ipso
2320 2411 2482 2476 bello
2516 2411 2706 2496 paulo

687 2536 829 2593 ante
895 2538 1173 2594 evenerat
1188 2579 1206 2607 ‚
1268 2552 1460 2614 quum
1506 2530 1896 2615 Agrigentini
1945 2531 2033 2594 ira
2078 2531 2143 2594 in
2190 2529 2335 2594 belli
2382 2529 2565 2593 duces
2614 2551 2709 2593 ac-

687 2649 852 2712 censi
905 2648 1196 2712 dicuntur
1240 2648 1530 2728 τετε-ὥροις
1576 2651 1765 2715 αὐτῶν
1809 2648 2225 2714 noceamve-oct?
2268 2648 2369 2713 Ita
2417 2649 2709 2732 opinatur

687 2767 987 2845 Groteu8,
1052 2769 1158 2852 qui
1217 2769 1332 2832 hoc
1394 2769 1612 2834 tribuit
1665 2769 1987 2834 memoriae
2032 2791 2247 2855 parum
2294 2770 2499 2833 firmae
2520 2819 2533 2842 ‚
2584 2790 2711 2852 qua

685 2886 863 2951 Plato
914 2894 1044 2950 tum
1090 2909 1272 2951 senex.
1317 2895 1491 2952 esset.
1586 2887 1821 2973 Lepida
1874 2889 2220 2965 excusatio,
2272 2909 2455 2972 quam
2500 2897 2709 2951 tamen

690 3013 750 3070 et
795 3028 906 3090 ego
952 2989 1205 3070 forsitan
1238 3006 1619 3071 admit-terem
1636 3057 1651 3084 ‚
1688 3007 1739 3070 si
1768 3007 1927 3070 hanc
1957 3028 2145 3070 unam
2176 3005 2253 3070 ob
2290 3028 2535 3070 causam
2568 3005 2713 3091 Epi-

687 3125 844 3190 stola
905 3124 1146 3190 Platoni
1199 3125 1603 3209 abjudicanda
1648 3132 1821 3190 esset.
1917 3125 2037 3189 Sed
2081 3147 2421 3210 pergamus,
2485 3123 2712 3188 Secun-

688 3245 834 3308 dum
881 3244 1222 3309 Diodorum
1267 3245 1410 3308 novi
1464 3244 1611 3309 belli
1657 3244 1841 3308 duces
1888 3244 2073 3309 creati
2118 3253 2267 3307 sunt
2298 3238 2594 3327 plu'res,
2645 3245 2709 3307 in

685 3362 782 3426 his
814 3361 1146 3446 Dionysius
1178 3371 1238 3426 et
1271 3364 1363 3446 (ut
1394 3362 1706 3448 probabile
1746 3366 1860 3447 est)
1894 3363 2073 3426 etiam
2108 3362 2509 3448 HipparinuS.
2570 3361 2709 3426 Hoc

691 3488 780 3544 est
827 3502 950 3564 quo
998 3479 1276 3566 Epistola
1321 3488 1554 3566 spectat
1600 3481 1665 3544 in
1709 3481 1908 3565 priore
1953 3480 2121 3558 loco,
2168 3503 2229 3566 p.
2282 3482 2407 3543 353
2460 3481 2549 3556 A,
2600 3479 2712 3544 ubi

689 3605 895 3662 tamen
939 3620 1063 3662 non
1097 3600 1303 3681 plures
1349 3600 1482 3662 belli
1535 3603 1736 3676 duces,
1788 3599 1894 3663 sed
1940 3603 2083 3664 duos
2126 3597 2555 3662 tantummodo
2600 3623 2715 3662 τυ-

689 3715 969 3798 ράννους
1016 3716 1541 3796 αὐτοκράτορας
1604 3726 1833 3781 creatos
1880 3739 2010 3780 esse
2057 3716 2241 3793 dicit,
2293 3715 2715 3801 Hipparinum

755 3933 804 3992 1)
856 3931 910 3980 C.
964 3930 1052 3979 91:
1103 3936 1423 3999 ἀπορουμένων
1469 3903 1527 3981 δὲΙ
1560 3937 1761 3995 πάντων,
1797 3934 2034 4000 παρελθὼν
2064 3934 2283 3989 Διονὺσιος
2316 3933 2342 3982 ὁ
2372 3929 2722 3998 Ἑρμοκράτους

691 4037 776 4077 τῶν
805 4029 892 4090 μὲν
923 4035 1154 4087 στατηγῶν
1186 4031 1490 4094 κατηγόρησεν
1524 4031 1583 4082 ὡς
1614 4026 1912 4094 προδιδόντων
1944 4031 2007 4076 τὰ
2039 4029 2304 4094 πράγματα
2335 4033 2430 4082 τοῖς
2462 4025 2719 4094 Καρχηδο-

681 4124 793 4178 νίοις
809 4159 824 4184 ,
875 4125 938 4171 τὰ
982 4121 1031 4171 δὲ
1073 4123 1220 4176 πλήθη
1261 4122 1501 4191 παρώξυνε
1545 4125 1659 4190 πρὸς
1692 4128 1772 4180 τὴν
1802 4123 1945 4172 αὐτῶν
1975 4124 2219 4190 τιμωρίαν.
2290 4120 2364 4170 De
2397 4124 2503 4169 tota
2535 4120 2626 4170 hac
2664 4137 2719 4170 re

693 4216 964 4264 conferatur
997 4214 1170 4273 Grote,
1207 4215 1313 4264 Vol.
1348 4215 1414 4273 X,
1450 4231 1497 4281 p.
1532 4215 1629 4264 424
1662 4231 1763 4281 sqq.
1798 4220 1847 4265 et
1880 4216 1977 4264 433
2011 4231 2113 4280 sqq.
