3025 5067
1266 422 1391 484 239

322 650 479 713 quae
498 628 943 715 philosophum
966 628 1127 693 inter
1150 634 1211 693 et
1232 629 1596 715 magistrum
1617 628 1812 715 ipsius
1835 628 2166 695 Isocratem
2194 629 2335 694 fuit.

322 744 527 827 Quam
587 769 819 831 aequus
880 747 1067 813 fuerit
1133 748 1405 813 Platonis
1451 746 1644 834 judex
1659 796 1678 826 ,
1744 757 1994 834 apparet
2043 772 2076 812 e
2129 747 2337 813 libello

321 887 503 950 quem
549 865 743 930 edidit
786 867 949 933 κατὰ
994 875 1099 943 τῆς
1139 866 1453 939 Πλάτωνος
1499 866 1830 947 διατριβῆς,
1876 866 1942 931 in
1989 889 2112 951 quo
2141 873 2340 931 osten-

321 982 415 1048 dit
472 983 751 1049 Platonis
812 984 1087 1070 dialogos
1147 1007 1279 1049 esse
1337 985 1610 1065 οέχρείους
1669 984 1770 1050 καὶ
1810 985 2040 1066 ψευδεῖς
2087 983 2337 1069 (Athen.

323 1102 457 1182 XI,
501 1127 563 1190 p.
615 1106 787 1189 508),
815 1124 1040 1188 eosque
1068 1104 1333 1167 maxima
1360 1125 1471 1189 pro
1501 1111 1674 1190 parte
1705 1127 1778 1169 ex
1808 1104 2142 1189 Aristippi,
2168 1102 2342 1167 Anti-

322 1222 555 1287 sthenis
624 1229 684 1287 et
752 1222 1045 1308 Brysonis
1112 1223 1349 1288 scriniis
1406 1224 1766 1310 compilatos
1827 1246 1975 1289 esse.
2076 1222 2170 1289 Ex
2215 1245 2339 1309 quo

325 1341 609 1427 colligere
652 1342 827 1421 licet,
876 1363 1064 1426 quam
1110 1364 1371 1427 aequum
1417 1352 1479 1407 et
1522 1344 1832 1429 integrum
1869 1344 2000 1408 eius
2030 1342 2336 1429 judicium

323 1459 509 1523 fuerit
554 1458 629 1525 de
673 1466 945 1546 tempore
978 1482 1013 1525 a
1042 1459 1299 1525 Platone
1330 1462 1397 1525 in
1430 1462 1573 1526 aula
1603 1461 1984 1548 Syracusana
2011 1468 2338 1527 transacto·

413 1579 500 1643 At
574 1600 700 1643 non
775 1579 977 1645 solum
1050 1580 1335 1665 aequales
1351 1630 1370 1659 ,
1416 1580 1552 1645 -sed
1612 1582 1795 1646 etiam
1853 1582 2081 1667 posteri
2139 1580 2342 1646 Plato-

322 1719 462 1761 nem
506 1698 789 1763 insectati
834 1705 1001 1765 sunt.
1094 1698 1460 1764 Academiae
1504 1700 1824 1765 celebritas
1879 1707 1940 1766 et
1983 1680 2146 1765 fama
2185 1699 2343 1764 mul-

321 1822 523 1881 torum
571 1817 857 1882 excitavit
899 1816 1192 1883 invidiam
1206 1867 1227 1897 ‚
1300 1819 1409 1902 qui
1470 1818 1683 1883 odium
1729 1840 1852 1905 quo
1897 1818 2166 1883 scholam
2211 1840 2342 1904 per-

322 1936 739 2021 sequebantur
819 1937 887 2002 in
954 1936 1175 2003 ducem
1242 1945 1305 2003 et
1372 1946 1680 2003 auctorem
1749 1945 2082 2004 verterunt.
2173 1936 2343 2002 Inter

324 2055 631 2121 auditores
678 2063 741 2120 et
785 2056 1009 2121 amicos
1055 2057 1333 2121 Platonis
1393 2057 1577 2122 multi
1635 2058 1888 2122 fuerunt
1929 2056 2234 2143 principes
2280 2064 2342 2122 et
2367 2049 2383 2062 ’

324 2175 559 2240 nobiles
575 2225 595 2254 ,
659 2198 922 2261 quorum
984 2177 1242 2263 superbe
1304 2184 1414 2242 aut
1474 2178 1799 2265 imperiose
1845 2179 2006 2242 facta
2049 2178 2341 2263 magistro

324 2294 711 2381 imputarunt
725 2328 758 2374 ,·
808 2294 1020 2361 eodem
1080 2297 1371 2361 nimirum
1410 2299 1550 2383 jure
1565 2347 1585 2376 ,
1634 2319 1757 2382 quo
1804 2296 2030 2361 Critiae
2074 2303 2136 2361 et
2178 2296 2343 2361 Alci-

325 2412 521 2477 biadis
582 2414 813 2499 flagitia
872 2414 1105 2480 Socrati
1151 2416 1391 2481 crimini
1436 2415 1580 2481 data
1637 2423 1785 2481 sunt
1840 2416 1914 2480 ab
1963 2415 2338 2480 adversariiS.

327 2532 682 2597 Athenaeus
738 2533 944 2619 plures
983 2533 1281 2599 *Platonis
1330 2534 1638 2600 auditores
1683 2535 1961 2599 nominat
2004 2535 2070 2597 in
2114 2532 2340 2617 quibus

324 2652 599 2735 magistri
645 2651 884 2717 indoles
931 2654 1229 2733 τυραννικὴ
1274 2654 1375 2719 καὶ
1414 2653 1684 2733 διάβολος
1730 2653 2108 2739 apparuisset
2123 2678 2141 2731 3
2177 2652 2340 2719 idem

320 2778 527 2834 narrat
593 2771 911 2837 Platonem
973 2773 1261 2859 Philippo
1309 2796 1484 2859 opem
1531 2774 1748 2838 tulisse
1792 2774 1858 2838 in
1903 2772 2206 2859 potiundo
2252 2796 2340 2837 re-

325 2912 445 2974 gno
492 2889 916 2970 Macedoniae,
964 2892 1253 2957 Perdicca
1297 2893 1513 2958 fraude
1559 2893 1990 2957 circumvento,
2021 2892 2070 2978 1)
2124 2891 2340 2957 Eidem

322 3008 707 3094 imputarunt
763 3011 930 3095 quod
976 3010 1292 3097 Callippus
1338 3013 1637 3089 Dionem,
1703 3012 2005 3099 hospitem
2053 3035 2234 3077 suum
2281 3018 2343 3075 et

326 3126 593 3192 sodalem
653 3130 719 3193 in
778 3129 1133 3209 Academia,
1196 3132 1601 3197 interemisset
1645 3132 1895 3215 (Athen.
1943 3131 2008 3196 ll.
2056 3154 2116 3218 p.
2168 3134 2340 3216 508).

326 3246 505 3311 Hanc
551 3248 1030 3314 criminationem
1078 3251 1292 3315 acriter
1336 3252 1564 3316 refutat
1601 3249 1878 3335 Epistola
1908 3248 2066 3329 VII,
2115 3274 2174 3335 p.
2210 3253 2338 3314 333

326 3366 410 3444 Ε,
474 3390 629 3452 quae
686 3368 955 3433 declarat
1000 3367 1351 3455 Callippum
1396 3370 1652 3454 eiusque
1697 3370 1942 3434 fratrem
1987 3370 2204 3434 Dionis
2251 3391 2344 3433 so·-

324 3485 490 3550 dales
546 3486 733 3550 fuisse
792 3489 892 3553 οὐκ
951 3489 1015 3553 ἐκ
1072 3490 1431 3571 φιλοσοφίας
1483 3487 1762 3567 γεγονότε
1822 3488 1979 3572 φίλω
1994 3538 2014 3567 ,
2049 3489 2226 3563 ,ἀλλ’
2275 3489 2339 3552 ἐκ

392 3756 439 3819 1)
475 3757 587 3808 vid.
621 3757 898 3807 Athenaeus
945 3756 1038 3817 XI,
1086 3772 1135 3823 p.
1181 3758 1279 3808 508
1314 3762 1363 3807 et
1397 3758 1524 3818 5063
1561 3759 1641 3823 qui
1675 3761 1845 3808 testem
1879 3750 2022 3808 huius
2054 3758 2338 3809 narrationis

246 3906 255 3913 ,
322 3851 440 3902 citat
490 3851 750 3902 Curiatium
796 3853 1167 3917 Pergamenum,
1218 3853 1295 3902 cui
1339 3852 1440 3918 ipse
1489 3858 1649 3903 tamen
1682 3870 1876 3919 parvam
1908 3853 1996 3904 hac
2027 3853 2078 3903 in
2113 3870 2164 3903 re
2196 3854 2338 3906 fidem

324 3946 469 3998 habet
486 3986 499 4008 ,
534 3948 733 3998 addens:
769 3954 905 4000 τοῦτο
936 3944 978 3999 δ’
998 3952 1131 4019 εἴπερ
1164 3950 1303 4007 οὕτως
1335 3953 1548 4010 ἀληθείας
1587 3954 1682 4016 ἔχει
1697 3990 1711 4015 ,
1752 3954 1847 4009 θεὸς
1881 3954 1936 4001 ἄν
1967 3951 2117 4009 εἰδείη.
2175 3951 2339 4002 Fuisse

267 4038 269 4040 ’
324 4046 489 4093 tamen
520 4044 857 4093 commercium
889 4044 1140 4093 Platonem
1172 4044 1299 4094 inter
1333 4048 1382 4094 et
1415 4046 1718 4107 Perdiccam,
1753 4046 1928 4096 indicio
1963 4052 2034 4097 est
2056 4046 2273 4111 Epistola
2292 4047 2335 4096 V

326 4139 507 4203 scripta
540 4140 599 4189 ad
633 4140 930 4199 Perdiccam,
966 4156 1087 4205 quae
1120 4156 1269 4205 quum
1302 4141 1556 4191 maximam
1589 4142 1804 4191 Platonis
1826 4143 2205 4194 benevolentiam
2228 4161 2337 4210 erga

328 4250 441 4283 eum
472 4236 648 4301 spiret,
681 4236 861 4302 scripta
892 4240 965 4285 est
997 4238 1194 4287 fortasse
1226 4237 1286 4286 ad
1320 4236 1604 4288 calumniam
1637 4236 1780 4288 istam
1815 4238 2200 4304 redarguendam.
