3025 5067
1609 421 1735 483 238

671 633 739 690 et·
791 627 1101 693 lasciviam
1162 627 1384 713 objecit
1444 626 1670 712 (Lae‘rt.
1737 626 1861 691 III.
1914 629 1951 713 ᾧ
1995 630 2128 713 29).
2219 626 2426 708 Quam
2471 627 2682 693 acerbe

671 755 877 813 autem
921 747 1317 813 Antisthenes
1364 748 1420 811 ei
1463 746 1872 825 maledixerit,
1921 746 2164 813 abunde
2210 755 2377 834 patet
2407 771 2441 812 e
2471 730 2680 813 libello

668 887 851 949 quem
916 866 984 931 in
1040 888 1183 931 eum
1227 866 1469 952 scripsit
1484 915 1502 943 ‚
1521 838 1534 845 ⁸
1553 866 1654 931 cui
1699 866 1922 931 titulus
1969 872 2099 930 erat
2143 867 2344 931 Σοιθών
2361 916 2381 944 ,
2431 866 2682 952 pal-odia

666 985 929 1049 nominis
989 984 1242 1051 Πλάτων
1294 986 1353 1070 (a
1413 984 1560 1059 σῶθη
1571 1034 1590 1064 ,
1656 988 1957 1051 membrum
2002 986 2197 1067 virile)
2213 1035 2232 1065 ‚
2281 1007 2427 1077 quot
2454 985 2682 1070 signifi-

666 1111 843 1169 catur
884 1102 1069 1168 homo
1114 1104 1315 1168 mollis
1328 1154 1347 1183 ,
1396 1126 1686 1169 venereus
1701 1153 1721 1182 ,
1769 1103 2155 1169 libidinosus
2185 1106 2233 1189 l)
2279 1104 2680 1171 Antisthenes

665 1245 702 1285 a
744 1221 1001 1287 Platone
1043 1229 1292 1287 notatus
1339 1230 1429 1287 est
1475 1232 1550 1287 ut
1592 1224 1903 1302 ὅψιμωθής.

757 1340 1079 1405 Accedunt
1128 1340 1226 1405 his
1276 1340 1674 1406 historiarum
1726 1341 2046 1427 scriptores
2061 1391 2081 1420 ‚
2129 1363 2394 1427 quorum
2445 1342 2680 1427 primus

665 1460 1091 1525 memorandus
1131 1459 1465 1539 Philistus,
1517 1481 1642 1525 non
1687 1461 1880 1546 magis
1923 1461 2170 1546 tyranni
2216 1461 2444 1525 amicus
2491 1483 2679 1546 quam

664 1578 1036 1664 tyrannidis,
1086 1580 1195 1663 qui
1239 1580 1306 1643 in
1349 1578 1549 1664 Epist.
1596 1578 1734 1658 III,
1793 1602 1856 1665 p.
1906 1582 2032 1644 315
2078 1579 2169 1670 E.»
2219 1586 2279 1643 et
2325 1578 2493 1664 apud
2535 1578 2682 1643 Plu-

663 1699 853 1763 tarch.
918 1699 1099 1763 Dion.
1148 1722 1279 1785 cap.
1332 1702 1448 1777 11,
1502 1702 1583 1763 13
1633 1706 1695 1763 et
1759 1703 1838 1765 19
1858 1750 1877 1778 ,
1910 1706 2162 1764 notatur
2190 1706 2482 1783 tanquam
2513 1698 2679 1784 prin-

663 1840 803 1904 ceps
864 1840 1073 1883 eorum
1135 1835 1397 1903 quorum
1451 1818 2006 1884 machinationibus
2052 1818 2230 1883 Plato
2284 1819 2352 1883 in
2394 1817 2680 1903 Dionysii

664 1937 956 2003 invidiam
1000 1938 1293 2003 inductus
1340 1946 1518 2003 esset.
1573 1937 1783 2024 Nepos
1831 1938 2036 2023 (Dion.
2086 1961 2138 2003 e.
2188 1940 2252 2023 3)
2283 1937 2360 2002 de
2389 1938 2496 2001 illo
2527 1938 2680 2001 haec

666 2056 916 2122 scribit:
970 2056 1190 2141 „Plato
1237 2064 1443 2121 autem
1487 2064 1731 2122 tantum
1793 2058 1957 2143 apud
2002 2057 2366 2147 Dionysium
2415 2056 2676 2120 auctori-

661 2183 789 2240 tate
848 2176 1055 2262 potu'rt
1113 2176 1429 2260 valuitque
1484 2175 1833 2260 eloquentia
1846 2226 1865 2254 ,
1931 2183 2002 2239 ut
2060 2177 2116 2239 ei
2177 2176 2543 2261 persuaserit
2586 2183 2679 2260 ty·

660 2295 933 2360 rannidis
1006 2296 1202 2359 facere
1276 2296 1459 2359 finem
1520 2295 1986 2379 libertatemque
2045 2293 2296 2359 reddere
2355 2294 2678 2380 Syracusa-

658 2414 797 2477 nis:
860 2436 895 2477 a
956 2436 1078 2497 qua
1134 2413 1451 2478 voluntate
1506 2414 1754 2478 Philisti
1815 2413 2068 2477 consilio
2130 2412 2456 2477 deterritus
2519 2412 2675 2477 est.”

659 2532 804 2597 Non
863 2533 1083 2597 mirum
1167 2532 1222 2596 si
1286 2531 1387 2595 hio
1454 2540 1667 2617 postea
1732 2554 1842 2595 sua
1909 2538 2156 2617 peccata
2220 2532 2286 2596 in
2353 2532 2673 2597 Platonem

658 2654 977 2718 transtulit
1000 2703 1017 2730 ,
1097 2653 1413 2719 scribendo
1486 2652 1653 2737 quod
1720 2652 1826 2717 ille
1900 2653 2198 2737 Dionysio
2285 2651 2675 2717 dissuasisset

660 2771 1071 2852 Συρακουσίους
1140 2772 1510 2853 ἐπὶκουφίσαι
1529 2821 1548 2855 ,
1613 2772 1718 2845 τὴν
1777 2772 1966 2853 ἀρχὴν
2031 2771 2162 2835 ἀντὶ
2229 2748 2547 2847 τυρᾷνυίδος
2591 2772 2673 2843 εἷς

657 2890 972 2967 βασιλείαν
1039 2892 1541 2968 μετκστήσοιντοιε
1608 2914 1642 2955 a
1710 2912 1832 2975 quo
1902 2890 2152 2955 crimine
2199 2889 2548 2955 defenditur
2605 2890 2673 2954 in

657 3008 772 3095 Ep.
799 3009 938 3087 III,
966 3033 1024 3095 p.
1060 3012 1185 3073 315
1220 3009 1314 3088 D,
1364 3013 1491 3074 319
1529 3011 1605 3075 A.
1655 3008 1961 3075 Credibile
2001 3031 2144 3073 sane
2189 3011 2354 3074 hunc
2387 3010 2452 3073 iu
2485 3010 2672 3073 histo-

658 3129 749 3191 ria
808 3151 990 3212 quam
1053 3128 1295 3215 scripsit
1354 3129 1603 3193 illorum
1663 3136 2004 3214 temporum
2021 3178 2039 3207 ‚
2089 3127 2165 3193 de
2210 3127 2494 3192 Platonis·
2529 3150 2671 3193 cum

658 3247 955 3332 Dionysio
1001 3248 1358 3313 commercio
1404 3270 1622 3334 parum
1667 3247 1996 3312 honorifice
2039 3247 2318 3312 locutum
2364 3270 2512 3312 esse.

748 3366 1042 3432 Omnium
1089 3374 1289 3431 autem
1335 3368 1764 3432 historicorum
1823 3365 2433 3431 maledicentissimus
2478 3364 2689 3429 Theo--

658 3508 919 3573 pompus
938 3536 956 3563 ,
1028 3486 1080 3549 is
1148 3486 1256 3571 qui
1316 3508 1512 3551 unum
1573 3508 1646 3551 ex
1691 3486 1976 3550 omnibus
2021 3484 2342 3549 Socraticis
2388 3483 2671 3548 laudasse

657 3607 853 3671 fertur
934 3605 1362 3670 Antisthenem
1443 3604 1670 3691 (Laert.
1734 3604 1830 3670 VI
1845 3654 1864 3684 ,
1932 3607 1967 3691 ᾧ
2036 3608 2140 3691 14)
2159 3654 2178 3684 ‚
2250 3605 2536 3670 acerrime
2602 3604 2668 3669 in

659 3723 979 3789 Platonem
1023 3724 1298 3789 invectus
1346 3731 1438 3789 est
1451 3774 1471 3803 ,
1542 3724 1768 3789 ductus
1813 3724 2067 3789 fortasse
2110 3731 2311 3789 vetere
2357 3722 2670 3789 simultate

2397 3884 2420 3917 Q

727 4027 775 4089 1)
812 4026 921 4076 Vid.
956 4027 1117 4076 Laiirt.
1140 4027 1250 4085 ΙΙΙ,
1282 4028 1306 4088 9
1339 4026 1428 4085 35,
1464 4030 1513 4075 et
1547 4027 1736 4092 Menag.
1770 4027 1829 4077 ad
1851 4027 1901 4078 h.
1925 4027 1960 4077 l.
1982 4044 2031 4093 p.
2054 4028 2177 4087 151;
2211 4026 2329 4079 ibid.
2349 4026 2446 4087 VI,
2479 4026 2582 4088 58,
2618 4026 2668 4079 ⁷.

656 4122 730 4171 De
764 4121 1064 4171 Antisthenis
1096 4138 1205 4171 cum
1239 4120 1443 4171 Platone
1476 4122 1768 4171 dissensione
1802 4123 1890 4172 cfr.
1925 4123 2170 4181 Dim-ich,
2206 4123 2254 4171 in
2291 4122 2560 4186 Prolegom.
2603 4122 2661 4171 ad

656 4217 790 4267 Crat.
824 4234 871 4282 p.
906 4216 969 4268 37
1004 4233 1075 4281 sq.
