3025 5067
1617 445 1736 503 10-1„

663 650 942 728 initium,
988 650 1076 713 ita
1125 672 1470 733 praegressa
1517 648 1688 732 (VII)
1728 650 1965 733 justum
1989 647 2181 718 ‚habet
2204 648 2381 710 finem
2407 655 2466 711 et
2488 647 2696 712 absol-

666 768 828 832 vitur
886 768 1116 832 verbis:
1193 768 1296 832 Τα
1347 767 1414 841 δὴ
1458 767 1619 844 ,αετοὶ
1663 767 1745 831 τοὶ
1791 770 1886 831 νῦν
1931 765 2165 846 ῥηθέντα
2208 762 2251 829 ἃ
2296 764 2687 843 ξυμβουλεύω

666 887 875 967 σχεδὸν
919 885 1137 967 εἴρηταί
1179 886 1244 951 τέ
1289 910 1383 963 μοι
1429 885 1527 949 καὶ
1573 887 1797 966 εἰρήσθω
1828 936 1839 949 .
1871 934 1885 949 .
1916 936 1930 949 .
1960 934 1974 947 .
2024 886 2071 949 εἰ
2117 884 2165 948 δ’
2187 884 2302 964 ἄρα
2349 883 2455 949 τινὶ
2478 885 2559 949 τα
2583 889 2695 949 νῦν

664 1006 897 1085 ῥηθέντα
940 1004 1303 1084 εὐλογώτερα
1346 1001 1534 1085 ἐφάνη
1580 1002 1678 1067 καὶ
1726 1003 2041 1084 προφάσεις
2087 1001 2220 1081 πρὸς
2264 1002 2345 1067 τα
2390 1001 2689 1079 γενομένω

666 1123 869 1207 ἱκανοὶς
901 1122 1059 1203 ἔχειν
1089 1120 1242 1197 ἔδοξέ
1273 1147 1386 1201 τῳ,
1415 1122 1671 1202 ’μετρίως
1708 1119 1778 1184 ἂν
1814 1122 1951 1195 ἡμῖν
1988 1119 2087 1186 καὶ
2123 1120 2325 1191 ἱκανῶς
2357 1118 2441 1195 εἴη
2475 1119 2556 1184 τα
2583 1125 2694 1185 νῦν

663 1242 946 1323 εἰρημένα.
1040 1239 1224 1321 Quod
1272 1246 1476 1304 autem
1521 1239 1598 1302 ad
1646 1239 2009 1323 promissum
2056 1238 2377 1302 consilium
2424 1238 2649 1302 attinet
2668 1288 2691 1315 ,

663 1361 725 1425 id
773 1360 1023 1445 perfecit
1068 1367 1141 1423 et·
1170 1358 1513 1423 terminavit
1552 1358 1647 1421 his
1686 1357 1878 1421 verbis
1923 1358 2003 1441 (p.
2056 1358 2179 1421 337
2223 1355 2328 1441 E):
2371 1354 2691 1433 ξυμβουλὴ

663 1478 768 1556 μὲν
813 1477 878 1551 334
916 1476 1015 1541 καὶ
1047 1477 1322 1551 ἐπιστολὴ
1353 1477 1599 1555 εἰρήσθω.
1648 1473 1766 1538 Sed
1814 1475 2135 1558 utriusque
2177 1474 2467 1559 epistolae
2512 1473 2693 1537 diffe-

667 1595 864 1659 rentia
923 1593 1141 1658 clarius
1204 1594 1388 1658 etiam
1449 1615 1524 1657 ex
1584 1593 1699 1657 hoc
1746 1601 1991 1677 apparet
2006 1643 2024 1671 ‚
2089 1593 2253 1676 quod
2298 1614 2423 1656 non
2468 1592 2694 1656 eodem

667 1723 937 1799 tempore
997 1706 1252 1797 scriptae
1311 1713 1627 1797 finguntur
1686 1735 1796 1776 neo
1856 1711 1921 1775 in
1982 1711 2192 1775 eodem
2245 1733 2444 1775 rerum
2490 1717 2687 1774 statu.

669 1832 747 1898 In
793 1832 1066 1917 Epistola
1112 1830 1240 1895 VH
1285 1830 1536 1895 consilia
1568 1830 1674 1894 dat
1703 1830 1921 1894 Dionis
1956 1829 2354 1894 familiaribus
2385 1837 2689 1914 tanquam

673 1950 1035 2028 victoribuS,
1084 1950 1305 2033 quibus
1351 1948 1566 2013 suadet
1614 1956 1683 2013 ut
1726 1949 2031 2013 moderate
2080 1972 2220 2033 erga
2262 1949 2453 2013 victos
2499 1971 2564 2013 se
2588 1972 2700 2034 ge-

670 2076 807 2134 rant
854 2076 914 2133 et
958 2075 1117 2133 recte
1164 2068 1601 2152 rempublicam
1642 2066 1926 2131 ordinent
1955 2067 2037 2152 (p.
2074 2069 2201 2131 336
2234 2066 2287 2130 E
2310 2106 2399 2119 —-
2424 2069 2548 2132 337
2579 2066 2700 2152 C);

669 2189 734 2252 in
801 2185 990 2250 VIIP
1055 2185 1329 2269 utrisque
1399 2186 1671 2271 partibus
1739 2186 1924 2270 longa
1992 2186 2381 2250 contentione
2447 2186 2703 2249 lassatis

669 2305 961 2371 suadetur
1005 2312 1075 2370 ut
1117 2328 1225 2391 per
1271 2304 1775 2389 compositionem
1820 2305 2001 2367 finem
2048 2303 2277 2368 faciant
2317 2303 2461 2369 belli
2494 2303 2704 2367 civilis

673 2433 734 2487 et
795 2422 1101 2487 communi
1163 2444 1276 2508 ope
1335 2422 1773 2507 rempublicam
1833 2423 2209 2487 constituant
2270 2424 2349 2508 (p.
2408 2424 2531 2486 355
2580 2421 2702 2507 D).

671 2541 892 2624 Itaque
937 2541 1084 2604 haec
1131 2540 1385 2624 epistola
1432 2541 1545 2604 etsi
1583 2541 1807 2626 scripta
1840 2541 1915 2604 ad
1948 2541 2165 2606 Dionis
2198 2542 2420 2605 amicos
2438 2590 2456 2619 ,
2505 2540 2703 2604 desti-

673 2666 819 2723 nata
860 2667 1061 2723 tamen
1100 2666 1190 2721 est
1229 2664 1303 2722 ut
1337 2658 1519 2722 etiam
1552 2659 1625 2724 ab
1659 2659 1875 2724 horum
1908 2659 2261 2723 adversariis
2294 2666 2355 2723 et
2385 2682 2421 2723 a
2450 2659 2702 2723 cunctis

675 2777 908 2842 civibus
951 2777 1287 2861 legeretur,
1335 2776 1501 2861 quod
1548 2778 1751 2862 ipsum
1795 2778 2041 2842 initium
2082 2778 2433 2862 profitetur:
2472 2776 2702 2858 ἐλπίζω

675 2895 723 2959 δ’
745 2897 860 2974 οὐχ
920 2895 1052 2968 ὑμῖν
1095 2894 1282 2971 μόνοις
1325 2893 1779 2973 ξυμβουλεύσειν
1824 2896 1905 2959 τα
1954 2894 2326 2979 ξυμφέρονται
2346 2947 2364 2972 ,
2411 2894 2703 2973 μάλιστά

676 3036 751 3090 γε
811 3013 925 3091 μὴν
971 3014 1102 3090 ὑμῖν
1119 3062 1139 3097 ,
1173 3011 1285 3077 ’καὶ
1330 3012 1598 3095 δευτέροις
1645 3016 1790 3078 πᾶσι
1837 3022 1953 3087 τοῖς
2000 3016 2056 3079 ἐν
2102 3016 2526 3097 Συρακούσαις,
2572 3016 2706 3095 τρί-

676 3155 790 3203 τοις
838 3131 897 3195 δὲ
944 3131 1098 3209 ὑμῶν
1143 3132 1241 3196 καὶ
1287 3138 1405 3203 τοῖς
1451 3132 1673 3211 ἐχθροῖς
1719 3132 1817 3196 καὶ
1866 3134 2027 3215 (τοῖς)
2073 3132 2386 3211 πολεμίοις.

763 3249 927 3335 Ergo
973 3256 1219 3336 apparet
1261 3248 1446 3313 huius
1491 3249 1780 3335 epistolae
1805 3250 1967 3315 idem
2000 3274 2126 3316 esse
2162 3258 2583 3337 argumentum
2615 3274 2703 3318 ae

678 3368 1033 3451 superioriS,
1081 3367 1186 3431 sed
1233 3368 1352 3431 alio
1397 3367 1580 3432 modo
1625 3375 1952 3433 tractatum
1984 3376 2045 3434 et
2076 3369 2388 3455 aliquanto
2421 3370 2695 3455 plenius·

679 3489 903 3573 Aperte
972 3486 1087 3550 hoc
1154 3486 1428 3551 indicant
1493 3487 1628 3571 ipsa
1696 3488 1985 3573 epistolae
2054 3489 2267 3567 verba,
2326 3489 2549 3573 quibus
2604 3491 2697 3556 ad

681 3607 940 3691 priorem
987 3606 1303 3691 epistolam
1350 3606 1604 3670 lectores
1651 3608 1824 3690 quasi
1868 3608 2149 3687 remittit,
2196 3632 2257 3693 p.
2308 3612 2434 3674 356
2466 3610 2519 3673 B
2534 3659 2550 3685 ,
2594 3608 2692 3675 O:

679 3725 1126 3800 καταστήσασθε
1186 3724 1375 3805 τρόπῳ
1432 3723 1539 3788 τινὶ
1585 3724 1775 3805 τοιῷδε
1792 3775 1807 3797 ,
1857 3722 1915 3798 ὃς
1960 3727 2175 3807 εἴρηται
2220 3728 2325 3805 μὲν
2370 3728 2489 3792 καὶ
2534 3730 2700 3808 πρό-

678 3866 870 3924 τερον
931 3844 1086 3921 ὑμῖν,
1147 3839 1297 3921 ὅμως
1341 3843 1393 3907 δ’
1433 3844 1518 3908 ἔτι
1564 3844 1662 3907 καὶ
1711 3849 1805 3909 νῦν
1848 3846 2089 3911 οὲκούετε
2110 3896 2124 3911 .
2176 3853 2237 3911 et
2283 3848 2466 3933 paulo
2511 3855 2692 3933 post:

676 3960 778 4026 ἐπὶ
818 3961 1036 4033 τούτοις
1081 3967 1353 4035 καλεῖτε,
1399 3959 1586 4042 ὥσπερ
1625 3963 1743 4027 καὶ
1793 3963 2119 4045 πρότερον
2164 3967 2381 4047 ε’ρῤήθη,
2416 3963 2699 4045 πρέσβεις

677 4076 767 4151 οὓς
828 4077 900 4143 ἂν
961 4079 1262 4153 ἐθελήσωσι
1318 4080 1418 4145 κτὲ
1437 4129 1452 4145 .
1501 4103 1657 4165 quae
1703 4080 1866 4146 dicta
1909 4084 2242 4167 respiciunt
2288 4085 2365 4148 ad
2413 4108 2482 4149 ea
2527 4108 2695 4169 quae

677 4198 968 4289 leguntur
1029 4196 1222 4283 Epist.
1279 4197 1440 4279 VII,
1501 4224 1561 4287 p.
1628 4203 1751 4269 337
1812 4202 1897 4267 B:
1961 4204 2089 4276 τοὺς
2150 4203 2217 4279 δὴ
2274 4206 2693 4287 κρατήσαντας
