3025 5067
1273 419 1390 480 171

309 633 560 688 mortuo
608 626 853 690 demum
899 624 1188 708 magistro
1204 673 1222 701 ,
1271 623 1446 686 Plato
1495 592 1805 706 Megaram
1842 620 2233 684 contenderet
2266 625 2336 682 ut

310 742 638 808 dialectica
682 743 758 808 ab
799 742 1053 806 Euclide
1105 742 1378 806 disceret·

406 980 554 1044 Iter
611 981 691 1044 in
752 981 1192 1064 Aegyptum.
1284 977 1379 1042 De
1424 979 1541 1042 hoc
1585 979 1801 1043 itinere
1848 978 2020 1056 silet,
2069 984 2140 1040 ut
2184 974 2334 1038 vidi-

309 1121 454 1162 mus
470 1147 488 1176 ,
537 1097 849 1183 Epistola3
882 1104 1223 1162 ceterorum
1263 1106 1466 1161 autem
1507 1099 1758 1162 testium
1785 1097 1977 1162 maior
2008 1102 2098 1160 est
2126 1116 2337 1158 nume-

307 1241 422 1282 rus
481 1239 667 1301 quam
725 1216 990 1304 pondus·
1084 1217 1324 1280 Horum
1395 1217 1854 1301 antiquissimus
1922 1223 2013 1279 est
2089 1214 2335 1288 Cicer0;

309 1337 562 1422 plenius
595 1359 738 1402 vero
787 1337 863 1400 de
907 1337 1024 1400 hoc
1069 1336 1284 1400 itinere
1332 1345 1525 1420 agunt
1570 1336 1871 1422 Apuleius
1916 1341 1977 1399 et
2021 1333 2301 1397 Laertius
2317 1381 2338 1410 ‚

309 1477 580 1537 quorum
626 1453 977 1524 testimonia
1022 1476 1203 1539 supra
1253 1453 1437 1518 allata
1481 1461 1627 1517 sunt
1666 1455 1749 1539 (p.
1795 1456 1919 1516 166
1958 1454 2129 1537 seq.).
2222 1450 2338 1515 His

307 1572 618 1658 primariis
677 1572 940 1637 testibus
1003 1572 1267 1637 addendi
1319 1572 1535 1637 Strabo
1552 1622 1572 1651 ‚
1620 1572 1845 1651 XVII,
1901 1575 1931 1635 1
1951 1621 1970 1650 ,
2028 1575 2147 1648 293
2194 1569 2339 1634 Plu-

307 1690 566 1754 tarchus
583 1739 612 1768 2
667 1690 745 1754 de
805 1690 1004 1756 Genio
1050 1689 1213 1754 Socr.
1263 1715 1322 1776 p.
1388 1693 1513 1757 579
1574 1693 1631 1755 A
1646 1718 1665 1769 3
1714 1691 2123 1755 Philostratus
2140 1739 2158 1768 ,
2208 1688 2336 1754 Vit.

309 1809 609 1895 Apollon.
665 1809 700 1872 Ι
717 1859 737 1888 ,
790 1811 863 1886 1;
911 1809 1108 1894 Epist.
1157 1808 1323 1874 Socr.
1377 1811 1560 1894 28.1)
1638 1810 1917 1890 Quorum
1964 1810 2337 1874 narrationes

305 1927 815 2012 percurrentibus
871 1926 1185 2013 apparebit
1230 1950 1328 1992 eas
1376 1928 1747 2013 pedetentim
1792 1928 1985 2014 magis
2026 1928 2341 2013 magisque

305 2054 526 2110 auctas
573 2067 704 2110 esse
751 2053 936 2130 atque
951 2094 970 2123 ,
1027 2053 1100 2109 ut
1145 2045 1220 2110 de
1250 2045 1413 2110 fama'
1448 2047 1569 2110 dici
1600 2047 1788 2126 solet,
1824 2046 2025 2112 eundo
2061 2047 2337 2112 crevisse.

403 2163 714 2248 Apuleius
763 2169 822 2226 et
867 2162 1152 2227 Laertius
1184 2170 1495 2248 praeterea
1526 2164 1778 2229 tradunt
1795 2214 1813 2243 ,
1853 2165 2099 2229 Platoni
2127 2165 2194 2228 in
2226 2165 2340 2228 Ae·

305 2289 504 2367 gypto
552 2283 803 2366 degenti
833 2283 902 2346 in
931 2282 1132 2346 animo
1163 2282 1350 2346 fuisse
1381 2283 1446 2346 in
1471 2283 1682 2346 Asiam
1714 2306 1958 2368 quoque
1989 2284 2271 2363 tendere,
2305 2307 2342 2347 a

303 2423 438 2485 quo
521 2401 777 2466 consilio
848 2401 1132 2464 Asiaticis
1193 2400 1368 2464 bellis
1430 2401 1647 2465 fuisset
1708 2410 2013 2467 avocatus,
2109 2402 2343 2487 Reapse

301 2522 430 2584 iter
475 2521 636 2585 illud
683 2520 760 2585 ab
807 2542 878 2584 eo
925 2528 1277 2606 susceptum
1324 2543 1454 2584 esse
1488 2521 1789 2585 affirmant
1819 2521 2177 2585 Lactantius
2189 2571 2208 2600 ,
2242 2521 2343 2585 In-

301 2641 442 2704 stit.
491 2639 622 2717 IV,
672 2643 744 2718 2,
794 2647 856 2703 et
901 2637 1216 2717 Clemens,
1264 2639 1568 2724 Protrept.
1617 2663 1677 2724 p.
1713 2642 1797 2703 46
1831 2642 1921 2718 A,
1958 2641 2065 2724 qui
2097 2647 2342 2704 conten-

301 2759 409 2823 dit
455 2781 599 2822 eum
629 2759 1010 2838 ἀστρονομίων
1071 2758 1235 2839 παρὰ
1281 2758 1661 2836 Βαβυλωνίων
1701 2767 1763 2822 ct
1808 2759 2009 2832 νόμους
2055 2759 2187 2830 τοὺς
2227 2757 2340 2822 ὅσοι

300 2879 545 2950 ἀληθεῖς
607 2877 708 2941 καὶ
765 2875 936 2949 δόξαν
990 2875 1113 2955 περὶ
1165 2878 1284 2940 θεοῦ
1331 2880 1469 2954 παρ’
1509 2879 1697 2941 αὐτῶν
1730 2883 1841 2941 τῶν
1878 2877 2162 2958 Ἑβραίων
2198 2879 2347 2954 ὠφε-

300 3003 512 3070 λῆσαι.
558 3011 564 3018 ’
606 2994 736 3058 Alii
805 2993 982 3078 quasi
1055 2993 1136 3084 in>
1191 2993 1390 3058 medio
1448 2994 1668 3058 itinere
1730 2994 2109 3074 subsistunt,
2174 3001 2235 3058 et
2280 2995 2347 3058 in

309 3115 628 3178 Phoenice
670 3135 812 3178 eum
859 3112 1060 3196 Magis
1107 3112 1437 3176 occurrisse
1483 3112 1734 3190 volunt,
1776 3121 1847 3176 ut
1872 3111 2347 3198 olympiodorus

300 3234 379 3296 in
435 3231 564 3296 Vit.
599 3231 841 3296 Platon.
883 3229 999 3316 (Cf.
1049 3228 1362 3294 Hermann
1415 3230 1480 3294 11.
1525 3253 1584 3314 p.
1628 3233 1783 3308 114,
1817 3240 1944 3295 not.
1987 3233 2169 3316 124);
2204 3239 2345 3296 ano-

298 3373 537 3436 nymus
625 3372 769 3415 vero
855 3350 1016 3413 vitae
1091 3348 1367 3413 Platonis
1437 3357 1744 3415 enarrator
1812 3372 1933 3415 non
1997 3353 2203 3437 ipsum
2280 3353 2346 3415 in

303 3468 634 3533 Orientem
691 3469 957 3546 venisse,
1021 3468 1129 3531 sed
1190 3468 1406 3552 Magos
1467 3468 1741 3532 Platonis
1801 3469 1963 3533 fama
2010 3478 2347 3535 commotos

302 3588 595 3653 Athenas
644 3588 881 3651 venisse
927 3593 1380 3651 commemorat:
1416 3594 1486 3650 ut
1520 3588 1694 3670 quasi
1726 3590 2093 3653 concertatio
2124 3590 2344 3669 fuerit,

377 3924 428 3982 1)
464 3920 686 3986 Epistola
719 3920 836 3967 haec
871 3918 1061 3966 Platoni
1097 3917 1278 3981 scripta
1310 3917 1508 3979 fingitur
1542 3916 1593 3964 111
1626 3919 1847 3980 Aegypto
1885 3919 2231 3976 commoranti3
2252 3918 2349 3982 jam

297 4035 426 4068 vero
471 4020 770 4066 memoratur
815 4015 864 4062 in
913 4030 966 4062 ea
1011 4013 1230 4061 Timacus
1279 4012 1645 4070 Tauromenita,
1682 4013 1764 4076 qui
1799 4012 1960 4061 floruit
2006 4014 2103 4062 fere
2137 4014 2177 4063 1..
2211 4017 2352 4064 annis

300 4120 422 4181 post
459 4112 677 4162 Platonis
713 4115 935 4159 mortem.
1006 4108 1133 4173 Quid
1166 4107 1435 4156 istiusmodi
1470 4108 1747 4156 testimonio
1772 4109 2013 4158 lucremur
2044 4109 2171 4160 ultro
2194 4115 2345 4175 patet.

305 4211 509 4262 Omitto
545 4205 930 4276 Quinctssianum
967 4209 1014 4254 et
1052 4204 1322 4264 Valerium,
1359 4219 1478 4271 quos
1511 4217 1653 4270 snpra
1686 4219 1733 4271 p.
1772 4203 1864 4258 167
1901 4210 2001 4256 not.
2036 4206 2197 4260 attuli.
