3025 5067
1598 397 1721 457 168

660 610 808 678 test,
857 603 1002 665 istas
1048 601 1419 664 narrationes
1467 625 1498 664 0
1544 602 1704 664 fama
1735 601 1938 685 potius
1972 617 2164 685 quam*
2185 626 2216 666 e
2248 602 2487 666 disertis
2520 625 2659 664 auc—

656 728 856 785 torum
917 720 1278 784 testimoniis
1339 720 1603 784 fluxisse.
1708 719 2038 805 Praecipue
2097 728 2315 784 notatu
2368 721 2658 806 dignum,

659 838 825 924 quod
871 862 906 902 a
949 839 1259 924 Diogene,
1309 846 1545 923 praeter
1576 838 1943 903 Hermodori
1975 840 2389 904 testimonium
2422 839 2498 903 de
2528 861 2663 923 pro-

656 958 915 1022 fectione
976 957 1318 1042 Megarensi
1334 1006 1353 1035 ,
1415 958 1626 1022 nullus
1687 958 1784 1022 his
1838 957 1913 1021 de
1957 958 2138 1022 rebus
2184 958 2356 1022 testis
2402 958 2660 1035 citatur,

660 1097 1022 1161 quamquam
1088 1075 1489 1159 quadraginta
1550 1076 1810 1160 amplius
1873 1076 2195 1160 scriptores
2258 1076 2335 1140 ad
2388 1076 2664 1139 Platonis

660 1195 842 1259 vitam
910 1194 1402 1259 conscribendam
1473 1194 1787 1273 adhibuit,
1851 1217 2114 1279 quorum
2172 1195 2353 1260 multi
2420 1195 2665 1259 Platoni

659 1336 947 1400 suppares
1007 1315 1274 1377 fuerunt.
1366 1313 1444 1376 Id
1505 1314 1773 1398 profecto
1820 1337 1889 1377 eo
1937 1336 2046 1377 nos
2094 1313 2297 1392 ducit,
2346 1322 2417 1378 ut
2463 1314 2664 1378 creda-

657 1455 793 1496 mus
863 1432 1104 1496 illorum
1172 1431 1474 1495 neminem
1536 1432 1610 1494 de
1677 1431 1951 1496 Platonis
2011 1432 2119 1496 illa
2179 1433 2664 1517 peregrinatione

658 1549 938 1614 retulisse
964 1550 1011 1633 ¹)
1070 1571 1321 1633 eamque
1380 1549 1543 1613 fama
1599 1550 1806 1634 potius
1853 1573 2035 1634 qnam
2082 1550 2398 1614 literarum
2442 1573 2666 1615 memo-

663 1669 752 1733 ria
796 1692 922 1732 esse
969 1668 1361 1752 divulgatam.
2202 1646 2206 1651 .

749 1788 827 1853 In
872 1789 987 1852 hoc
1035 1796 1236 1854 antem
1285 1810 1492 1853 omnes
1539 1790 1641 1852 isti
1688 1790 2011 1874 scriptores
2043 1790 2452 1868 consentiunt,
2498 1789 2664 1874 quod

658 1907 974 1972 Platonem
1014 1909 1232 1971 itinera
1260 1907 1401 1985 illa,
1436 1930 1592 1992 quae
1621 1908 1825 1994 plures
1858 1930 2047 1972 annos
2080 1909 2434 1986 durassent,
2470 1931 2665 1972 susce-

659 2028 818 2112 pisse
866 2026 1078 2091 dicunt
1122 2026 1290 2091 brevi
1335 2034 1474 2111 post
1519 2034 1773 2091 mortem
1806 2027 2069 2092 Socratis
2101 2036 2398 2112 tempore,
2442 2034 2660 2112 atque,

659 2153 732 2210 ut
775 2144 1056 2208 Laertius
1103 2145 1306 2222 addit,
1356 2151 1680 2228 antequam
1727 2146 1995 2209 scholam
2040 2146 2106 2208 in
2153 2145 2481 2209 Academia
2526 2168 2665 2209 con-

661 2263 944 2326 didisset:
1016 2262 1132 2326 1100
1195 2270 1320 2341 est,
1377 2286 1486 2347 per
1530 2263 1730 2348 ipsum
1777 2264 1935 2327 illud
1981 2272 2253 2348 tempuS‚
2308 2287 2413 2348 per
2460 2263 2661 2348 quod,

658 2383 994 2446 secundum
1039 2381 1650 2467 Epistolographum,
1698 2382 1875 2446 Plato
1922 2383 2180 2446 Athenis
2226 2382 2427 2466 degit,
2460 2383 2663 2482 iupo-

656 2501 841 2566 liticis
897 2500 1165 2565 consiliis
1213 2508 1272 2564 et
1321 2501 1738 2586 philosophiae
1786 2501 2005 2565 studiis
2053 2508 2403 2587 occupatus,
2498 2500 2663 2565 Nam

659 2619 824 2704 quod
906 2619 1173 2683 scholam
1231 2619 1469 2704 aperuit
1529 2620 1594 2682 in
1658 2619 1983 2684 Academia
1999 2671 2016 2697 ,
2081 2621 2145 2684 id
2205 2628 2366 2685 certe
2433 2620 2665 2684 factum

724 2938 768 2992 1)
803 2936 938 2984 Unus
978 2936 1178 2984 fortasse
1208 2935 1343 2984 testis
1367 2935 1525 2984 afferri
1551 2935 1703 3000 possit
1734 2935 2063 3000 gravissimus,
2097 2937 2429 2994 Aristoxenus,
2469 2938 2517 2985 in
2553 2937 2665 2986 vita

658 3032 898 3090 Platonis,
955 3047 980 3079 e
1035 3047 1128 3095 qno
1181 3031 1440 3080 Aristocles
1490 3032 1616 3095 apud
1651 3031 1909 3080 Eusebium
1954 3033 2125 3096 Praep.
2168 3032 2258 3080 En.
2306 3033 2409 3091 XV,
2466 3034 2511 3091 2,
2550 3034 2665 3082 11αο0

656 3129 825 3178 refert:
873 3135 917 3179 ἐν
965 3134 1058 3197 γὰρ
1091 3137 1149 3198 τῇ
1183 3131 1325 3196 πλάνῃ
1359 3132 1434 3178 καὶ
1467 3137 1527 3198 τῇ
1562 3129 1798 3193 ἀποδημίᾳ
1834 3133 1965 3194 φησὶ-ν
1994 3131 2321 3180 ἐπανίστασθαι
2360 3134 2435 3181 καὶ
2474 3137 2666 3182 ἀντοικο-

659 3225 810 3289 δομεῖν
843 3226 966 3290 αὐτῷ
998 3230 1121 3280 τινὰς
1153 3227 1406 3292 περίπατον
1436 3226 1583 3282 ξένους
1616 3224 1761 3281 ὄντας.
1816 3223 1904 3272 Sed
1939 3223 2277 3272 Aristoxenum
2315 3225 2399 3273 hac
2422 3227 2663 3292 ἀποδημίᾳ

657 3319 942 3368 intellexisse
992 3319 1183 3368 tertiam
1232 3319 1575 3382 profectionem
1620 3319 1670 3366 in
1712 3319 1919 3386 Siciliam
1956 3318 2163 3368 ostendit
2195 3319 2427 3368 Aristides
2447 3359 2460 3377 ‚
2497 3321 2579 3379 11,
2616 3339 2666 3386 p.

659 3415 781 3472 324,
831 3414 971 3462 Dind.
1021 3413 1134 3462 haec
1180 3415 1412 3463 scribens:
1460 3418 1610 3484 ἕτεροι
1652 3412 1692 3464 δ’
1712 3415 1769 3466 αὖ
1817 3418 1949 3483 φασὶν
1985 3417 2127 3472 ἀληθῆ
2162 3417 2302 3478 λέγειν
2332 3418 2542 3480 τούτους,
2579 3421 2662 3474 ὡς,

657 3513 734 3560 ὅτε
777 3516 858 3567 τὴν
901 3513 1061 3578 τρίτην
1101 3511 1359 3573 ἀποδημίαν
1403 3514 1464 3568 εἰς
1509 3513 1705 3561 Σικελίαν
1737 3511 2027 3574 ἀπεδήμησε,
2063 3519 2169 3561 τότε
2202 3524 2293 3561 τῶν
2325 3515 2519 3579 ἑταίρων
2551 3517 2667 3570 τινὲς

658 3609 796 3656 αὐτοῦ
828 3609 903 3656 καὶ
935 3615 1020 3655 τῶν
1054 3610 1116 3662 εἰς
1148 3611 1210 3656 τὰ
1244 3609 1449 3669 μάλιστα
1483 3608 1771 3670 ὡμιληκότων
1802 3608 2132 3674 ὑπολειφθέντες
2169 3611 2277 3658 οἴκοι
2310 3617 2509 3676 νεώτερα
2542 3613 2669 3673 ἐβου-

656 3702 866 3751 λεύσαντο
885 3737 896 3749 .
917 3737 930 3750 .
950 3737 963 3750 .
1019 3705 1060 3752 οἱ
1117 3703 1165 3750 δὲ
1216 3702 1458 3771 διατριβάς
1502 3722 1557 3752 τε
1600 3707 1929 3764 ἀντισκευάζειν
1971 3705 2119 3759 αὐτοῖς
2163 3705 2312 3760 ἠξίουν
2354 3706 2537 3760 πλήσιον
2581 3714 2666 3762 τῆς

657 3798 816 3845 ἐκείνου
845 3799 920 3846 καὶ
955 3797 1201 3862 ᾠκοδόμουν
1233 3800 1308 3846 ἐπὶ
1339 3805 1397 3864 τῇ
1431 3793 1695 3861 ’Δκαδημίᾳ.
1764 3797 1957 3860 Spectat
1991 3797 2080 3843 hoc
2116 3797 2363 3846 manifeste
2396 3797 2452 3846 ad
2478 3798 2663 3847 Aristo-

657 3889 815 3938 telem.
883 3891 1032 3954 Atqui
1067 3891 1172 3939 luee
1207 3891 1377 3940 clarius
1411 3895 1483 3939 est
1516 3892 1766 3940 Platonem
1796 3891 2074 3955 longinquas
2098 3891 2203 3939 illas
2228 3893 2631 3954 peregrinationes
2650 3931 2665 3950 ‚

656 3983 696 4031 si
741 3985 977 4050 suscepit,
1028 3987 1180 4034 multo
1226 3993 1336 4034 ante
1370 3986 1629 4050 suscepisse
1663 4002 1802 4050 quam
1850 3986 2130 4035 Aristoteles
2181 3968 2392 4036 Athen'as
2427 3987 2664 4047 venisset,

655 4078 853 4142 ideoque
901 4080 958 4128 ad
1003 4079 1176 4129 itinera
1214 4081 1260 4129 in
1300 4083 1591 4146 Aegyptum,
1627 4085 1717 4130 eet.
1751 4081 1866 4129 haec
1900 4080 2172 4130 Aristoxeni
2209 4082 2347 4131 verba
2380 4083 2545 4132 referri
2582 4100 2666 4132 ne-

657 4178 852 4242 queunt.
919 4175 1187 4226 Aristoxeni
1222 4177 1354 4226 locus
1389 4177 1512 4240 fugit
1548 4177 1823 4238 Stahrinm,
1857 4178 2063 4228 Aristot.
2099 4179 2137 4228 I.
2174 4195 2221 4243 p.
2263 4179 2342 4229 52.
