3025 5067
1239 391 1360 452 121

285 618 554 680 quorum
619 597 902 682 deinceps
957 621 1210 662 munera
1255 605 1315 660 et
1361 596 1559 659 officia
1602 618 1715 659 suo
1762 593 1877 658 sibi
1924 594 2173 658 arbitrio
2218 594 2307 656 in-

283 718 594 782 formavit.

380 953 872 1019 Commemorans
934 954 1186 1038 triginta
1245 954 1515 1017 virorum
1574 952 1999 1018 crudelitatem
2066 959 2125 1014 et
2187 950 2308 1013 vio-

283 1073 540 1137 lentiam
556 1123 575 1152 ,
624 1073 836 1138 laudat
881 1073 1146 1136 Socratis
1191 1073 1599 1137 constantiam
1615 1121 1634 1150 ,
1684 1072 1789 1156 qui
1836 1093 2029 1155 quum
2078 1069 2154 1132 ab
2186 1069 2309 1131 illis

272 1194 490 1278 jussus
535 1199 693 1256 esset
736 1191 1029 1257 Leontem
1077 1192 1475 1256 Salaminium
1507 1215 1581 1256 ex
1612 1191 1725 1255 hac
1748 1190 1949 1255 insula
1972 1190 2037 1254 in
2065 1189 2305 1252 tholum

282 1311 622 1389 abducere,
671 1334 796 1375 non
843 1313 1064 1397 paruit.
1158 1311 1334 1376 Idem
1378 1311 1609 1375 factum
1656 1310 1851 1374 multo
1890 1309 2157 1373 lucidius
2188 1331 2309 1372 me-

283 1439 561 1494 moratur
605 1431 670 1494 in
719 1431 1022 1516 Apologia
1067 1430 1330 1494 Socratis
1351 1478 1369 1507 ,
1417 1453 1478 1515 p.
1530 1433 1612 1493 32
1648 1428 1717 1493 O.
1789 1429 1937 1492 Mox
1983 1451 2124 1492 vero
2172 1427 2310 1491 abo-

284 1549 402 1612 lita
445 1549 694 1613 illorum
741 1555 1041 1633 potestate
1057 1597 1076 1626 ‚
1125 1549 1371 1613 libertas
1401 1549 1688 1612 restituta
1720 1555 1831 1612 est.
1902 1547 2071 1627 Quid
2106 1553 2307 1610 autem

283 1676 428 1732 tum
475 1667 734 1731 accidit?
783 1667 958 1732 Κατὰ
1003 1668 1062 1732 δέ
1098 1692 1228 1732 τινα
1266 1669 1454 1748 τυχὴν
1493 1664 1571 1731 αὖ
1604 1671 1699 1730 τὸν
1738 1668 1954 1744 ἑταῖρον
1994 1669 2151 1743 ἡμῶν
2192 1676 2310 1730 Σω-

285 1785 472 1866 κράτκ,
483 1836 502 1865 ,
550 1793 748 1851 τοῦτον
792 1786 1230 1858 δυναστεύοντές
1261 1811 1408 1858 τινες
1441 1784 1772 1862 εἰσάγουσιν
1810 1787 1887 1857 εἷς
1919 1785 2269 1863 δικαστήριον
2288 1833 2305 1861 ,

284 1903 680 1980 ἀνοσιωτάτην
725 1906 920 1969 αἰτίαν
967 1904 1392 1982 ἐπιβάλλοντες
1438 1903 1535 1969 καὶ
1570 1901 1801 1968 πάντων
1837 1903 2047 1980 ἥκιστα
2080 1900 2308 1984 Σωκρά-

284 2047 382 2088 τει
425 2023 814 2100 προσήκουσαν
842 2042 856 2060 ·’
902 2025 976 2094 ὦς
1021 2023 1214 2101 άσεβῆ
1256 2023 1374 2101 γάρ
1413 2024 1461 2087 οἱ
1499 2022 1607 2100 μὲν
1646 2023 1965 2101 εἰσήγαγον
1979 2071 1999 2104 ,
2040 2023 2089 2085 οἱ
2128 2021 2185 2085 δὲ
2209 2046 2311 2086 κα-

285 2142 702 2222 τεψηφίσαντο
747 2141 844 2206 καὶ
893 2141 1260 2208 ἀπέκτειναν.
1308 2165 1367 2226 p.
1403 2143 1531 2204 325
1564 2141 1618 2205 B
1650 2140 1720 2205 C.
1760 2143 2161 2204 Accusatores
2208 2139 2311 2202 So-

287 2259 478 2323 cratis
537 2259 638 2322 hic
701 2260 1087 2344 appellantur
1147 2259 1583 2330 δυναστεύοντές
1634 2284 1803 2331 τινες.
1896 2258 2101 2322 Verba
2144 2259 2310 2322 δυνα-

287 2379 473 2454 στής,
522 2377 874 2452 δυναστεύω,
924 2379 1232 2444 δυναστεία
1264 2379 1586 2464 praecipue
1616 2386 1995 2464 usurpantur
2025 2377 2100 2441 de
2124 2377 2309 2441 unius

285 2495 390 2560 vel
435 2518 768 2580 paucorum
813 2497 1258 2575 dominatione,
1315 2498 1485 2562 velut
1527 2497 1710 2560 XXX
1742 2498 2011 2562 virorum
2044 2502 2307 2582 potestas

288 2623 424 2680 erat
505 2616 846 2695 δυναστείας
924 2617 1137 2681 latiore
1197 2628 1424 2682 tamen·
1462 2640 1644 2682 sensu
1706 2616 2064 2682 δυναστεύειν
2124 2616 2309 2680 etiam

288 2734 589 2798 dicuntur
633 2735 712 2811 ii,
768 2759 951 2820 penes
999 2758 1154 2819 quos
1202 2743 1296 2799 est
1349 2758 1587 2799 summa
1631 2743 1898 2822 potestas
1915 2785 1933 2814 ,
1981 2735 2045 2798 in
2092 2735 2308 2818 oligar-

289 2854 434 2918 chia
493 2855 540 2918 οἱ
599 2854 783 2931 ὀλίγοι
791 2904 810 2933 ,
873 2855 938 2918 in
1000 2854 1368 2919 democratia
1412 2856 1460 2918 οἱ
1507 2857 1732 2919 πολλοί.
1825 2854 1961 2917 Hoc
2008 2875 2188 2917 sensu
2220 2855 2308 2918 in-

286 2973 495 3056 telligi
539 2973 638 3036 hic
682 2994 807 3037 non
852 2980 1111 3058 possunt
1155 2973 1593 3044 δυναστεύοντές
1638 2997 1814 3055 τινες,
1848 2995 1959 3058 pro
1992 2995 2113 3056 quo
2146 2981 2308 3037 certe

289 3092 420 3156 dici
452 3098 804 3176 oportuerat
832 3097 944 3156 τῶν
976 3091 1430 3157 δυναστευόντων
1465 3092 1549 3176 (h.
1576 3115 1627 3155 e.
1661 3097 1761 3156 τοῦ
1794 3092 2001 3168 δήμου,
2037 3093 2143 3176 qui
2177 3099 2309 3156 tum

289 3211 655 3296 imperabat)
700 3210 868 3282 τινές.
917 3212 1216 3295 Apertum
1264 3218 1356 3274 est
1403 3211 1731 3296 significari
1779 3210 2055 3274 homines
2102 3219 2311 3296 poten-

290 3341 389 3394 tes
433 3329 498 3392 in
545 3329 790 3394 civitate
806 3378 824 3406 ,
874 3329 1082 3412 quales
1129 3337 1302 3394 erant
1348 3329 1611 3393 Socratis
1658 3337 2034 3394 accusatores
2058 3379 2077 3408 ‚
2126 3330 2313 3394 Mele-

287 3458 433 3525 tuS,
498 3449 741 3532 Anytus
758 3497 777 3526 ,
832 3447 1032 3532 Lyce,
1096 3449 1202 3532 qui
1266 3455 1400 3512 tum
1455 3448 1719 3512 multum
1780 3448 1945 3533 apud
2008 3449 2308 3534 populum

288 3567 612 3632 valebant:
661 3567 814 3631 tales
861 3574 1063 3630 autem
1109 3567 1384 3631 homines
1432 3576 1726 3631 vocantur
1771 3567 1939 3644 μέγα
1978 3568 2307 3645 δυνάμενοι,

288 3709 426 3751 non
470 3686 928 3758 δυναστεύοντες.
971 3687 1014 3770 ¹)
1106 3685 1383 3764 Horum,
1453 3685 1639 3763 dicit,
1700 3687 1749 3752 οἱ
1820 3687 1926 3760 μὲν
1970 3687 2309 3763 εἶςνὶγαγον,

285 3807 343 3871 οἱ
406 3805 467 3870 δὲ
526 3805 1047 3888 κατεψηφίσαντοε
1109 3805 1221 3868 alii
1272 3811 1618 3869 accusarunt
1662 3804 1946 3869 Socratem
1962 3853 1981 3882 ,
2030 3804 2142 3867 alii
2187 3826 2312 3868 con-

365 4092 412 4151 1)
445 4091 518 4140 De
552 4090 627 4139 his
660 4089 850 4151 Freret,
885 4091 1030 4141 Acad.
1065 4091 1147 4140 des
1181 4092 1329 4142 Inscr.
1364 4092 1499 4141 Toni.
1524 4091 1605 4156 47,
1642 4108 1688 4156 p·
1715 4092 1811 4140 212
1845 4107 1914 4154 sq.
1953 4091 2215 4142 Stallbaum
2249 4092 2308 4143 ad

291 4188 426 4240 Plat.
463 4185 602 4253 Apol.
637 4203 678 4237 c.
716 4187 806 4246 10,
843 4203 891 4253 p.
927 4186 988 4238 23
1023 4187 1064 4237 E
1097 4190 1148 4236 et
1181 4187 1294 4237 ibid.
1330 4201 1372 4235 c.
1409 4189 1464 4246 2,
1501 4205 1551 4253 p.
1589 4188 1651 4238 18
1688 4189 1743 4239 Β.
