3025 5067
1353 381 1472 440 151

399 585 617 668 (quem
675 584 874 648 locum
921 606 1063 648 mox
1107 584 1525 669 tractabimus)
1593 594 1843 671 apparet
1898 585 2309 672 Hipparinum
2355 609 2426 651 eo

401 710 683 786 tempore
729 725 988 788 puerum
1033 703 1221 767 fuisse
1265 705 1366 766 vix
1411 712 1644 790 septem
1690 727 1986 770 annorum
2004 755 2021 786 ,
2070 713 2143 768 ut
2184 705 2428 771 demon-

403 821 627 884 stravit
672 819 958 885 Salomon
1003 821 1266 904 (dissert.
1314 821 1480 886 laud.
1516 845 1575 907 p.
1614 825 1719 906 13)
1736 849 1755 900 3
1803 821 2082 907 Nysaeus
2115 830 2316 887 autem
2349 845 2425 887 ne

405 939 571 1003 hanc
611 939 858 1023 quidem
905 949 1163 1005 aetatem
1211 941 1516 1026 attigerat.
1589 940 1760 1021 Quid
1807 949 2013 1006 autem
2059 944 2285 1026 pueris·
2309 942 2429 1006 ista

407 1065 610 1122 aetate
656 1080 795 1122 cum
841 1059 1272 1144 philosophia?
1319 1068 1424 1124 aut
1471 1082 1655 1144 quam
1702 1060 1823 1124 vim
1870 1061 1947 1124 ad
1992 1061 2270 1144 Dionysii
2304 1062 2427 1125 ani-

409 1199 584 1240 mum
637 1177 1004 1242 movendum
1056 1178 1336 1242 habuisse
1382 1179 1642 1264 putandi
1688 1177 1871 1243 sunt?

504 1295 580 1360 In
625 1296 1045 1380 turpissimum
1092 1319 1233 1360 vero
1279 1319 1541 1361 errorem
1572 1296 1789 1362 incidit
1828 1297 2087 1382 scriptor
2116 1297 2426 1382 Epistolae

411 1412 580 1478 VIII
595 1464 612 1492 ‚
686 1414 793 1498 qui
853 1415 1070 1480 Dionis
1124 1416 1317 1480 filium
1381 1416 1617 1480 dudum
1680 1425 1820 1481 ante
1880 1417 2003 1480 vita
2069 1416 2426 1482 defunctum

411 1541 844 1598 commemorat
905 1535 1079 1618 quasi
1141 1534 1340 1599 adhuc
1396 1536 1460 1599 in
1507 1536 1659 1600 vivis
1707 1543 1882 1600 esset.
1975 1535 2255 1600 Eundem
2304 1536 2428 1621 lap-

413 1675 554 1715 sum
614 1653 679 1715 in
734 1652 980 1717 exordio
1040 1652 1351 1738 Epistulae
1399 1653 1529 1717 VII
1584 1654 1870 1719 nonnulli
1915 1653 2427 1738 deprenhendisse

413 1771 534 1836 sibi
594 1770 708 1834 visi
765 1781 911 1836 sunt
924 1821 943 1850 ,
1003 1785 1190 1856 quare
1237 1773 1500 1858 primum
1548 1774 1713 1837 hunc
1766 1772 1969 1836 locum
2023 1779 2282 1837 tractare
2329 1772 2427 1857 ju-

411 1897 542 1970 vat,
603 1911 725 1973 quo
785 1889 1092 1954 illustrato
1154 1889 1229 1954 de
1291 1890 1543 1954 alterius
1604 1911 1803 1954 errore
1864 1891 1930 1954 iu
1975 1899 2266 1976 promptu
2312 1890 2429 1954 erit

403 2007 702 2093 judicare.

503 2246 694 2311 Initio
739 2244 1053 2333 Epistolae
1100 2244 1228 2310 VII
1272 2243 1449 2309 Plato
1511 2244 1588 2310 de
1634 2245 1829 2329 primo
1890 2267 2003 2308 suo
2050 2244 2317 2309 adventu
2363 2245 2429 2307 in

415 2367 686 2431 Siciliam
725 2374 1021 2452 regnante
1067 2365 1363 2450 Dionysio
1407 2365 1636 2430 maiore
1679 2364 1937 2448 loquens
1954 2413 1973 2441 ‚
2035 2363 2186 2428 haec
2230 2362 2424 2427 dicit:

416 2483 513 2550 ὅτε
557 2485 674 2565 γὰρ
720 2489 854 2550 κατ’
899 2485 1097 2566 ἀρχὰς
1159 2484 1238 2556 εἰς
1299 2484 1675 2563 Συρακούσας
1737 2484 1853 2560 ἐγὼ
1898 2481 2197 2563 ἀφικόμην
2213 2529 2231 2563 ,
2281 2504 2429 2560 σχε-

415 2605 506 2668 δὸν
567 2602 666 2678 ἔτη
727 2603 1166 2684 τετταράκοντα
1225 2603 1512 2679 γεγονὼς,
1564 2603 1714 2667 Δίων
1760 2596 1891 2682 εἶχε
1936 2601 2039 2674 τὴν
2086 2600 2316 2674 ἡλικίαν
2362 2594 2429 2674 ἣν

416 2722 501 2786 τοὶ
546 2727 640 2787 νῦν
683 2723 1007 2800 Ἱππαρῖνος
1053 2723 1260 2798 γέγονε
1276 2772 1293 2804 ,
1342 2722 1440 2786 καὶ
1487 2718 1552 2796 ἣν
1597 2721 1745 2801 ἔσχε
1788 2720 1925 2785 τότε
1970 2719 2159 2796 δόξαν,
2207 2719 2429 2794 ταύτην

416 2842 515 2905 καὶ
565 2841 878 2906 διετέλεσεν
923 2840 1075 2922 ἔχων
1091 2889 1109 2923 ,
1159 2842 1572 2923 Συρακουσίους
1614 2843 1826 2907 οἴεσθαι
1870 2841 1982 2906 δεῖν
2014 2839 2325 2922 ἐλευθέρους
2359 2835 2432 2903 εἶ-

418 2984 540 3038 νοω,
587 2960 750 3024 κατὰ
794 2957 994 3036 νόμους
1052 2962 1182 3031 τοὺς
1227 2960 1490 3040 ἀρίστους
1537 2962 1825 3032 οἰκοῦντας
1848 2979 1863 2994 ·
1910 2957 2058 3023 ὥστε
2104 2958 2255 3023 οὐδὲν
2302 2958 2433 3022 Oxu-

418 3078 647 3156 μαστὸν
661 3127 680 3156 ,
729 3077 784 3142 εἴ
839 3099 927 3150 τις
987 3079 1118 3143 θεῶν
1178 3079 1276 3142 καὶ
1337 3084 1532 3142 τοῦτον
1588 3080 1669 3149 εἰς
1714 3079 1819 3152 τὴν
1864 3077 2047 3151 αὐτὴν
2093 3075 2261 3151 δόξαν
2305 3075 2432 3156 περὶ

419 3198 720 3269 πολιτείας
775 3199 960 3274 §usim-.-
1007 3198 1270 3274 γενέσθαι
1315 3194 1622 3278 ξύμφωνον
1668 3197 1933 3271 ποιήσειε.
1983 3195 2043 3258 h.
2094 3218 2145 3258 8.
2193 3216 2433 3278 „quum

418 3318 684 3402 primum
745 3317 1070 3402 Syracusas
1126 3319 1421 3381 venissem
1437 3365 1455 3394 ‚
1505 3338 1696 3380 annos
1743 3315 1983 3380 circiter
2028 3313 2435 3398 quadraginta

419 3444 634 3515 natuS,
691 3435 811 3500 Dio
859 3458 929 3500 ea
973 3443 1102 3498 erat
1147 3443 1342 3500 aetate
1387 3457 1511 3519 qua
1554 3456 1721 3499 nunc
1768 3441 1859 3498 est
1904 3433 2321 3519 HipparinuS‚
2371 3439 2433 3496 et

422 3578 607 3640 quam
650 3555 754 3620 ille
799 3564 947 3620 tunc
975 3553 1240 3620 habebat
1271 3554 1636 3620 sententiam
1650 3602 1668 3631 ‚
1702 3554 1767 3617 in
1800 3576 1871 3616 88
1892 3553 2326 3639 perseveravit,
2363 3558 2435 3614 ut

421 3675 830 3761 Syracusanos
869 3675 1092 3740 liberos
1132 3697 1260 3738 esse
1300 3674 1519 3738 debere
1566 3681 1869 3750 censeret,
1918 3672 2165 3757 optimis
2195 3671 2434 3756 legibus

421 3803 664 3860 utentes
677 3821 695 3873 ;
746 3817 930 3878 quare
973 3795 1196 3858 mirum
1258 3816 1382 3858 non
1415 3802 1538 3870 est,
1573 3794 1625 3856 si
1657 3792 1809 3856 deus
1840 3791 2063 3875 aliquis
2092 3789 2258 3853 hunc
2291 3811 2437 3872 quo-

422 3937 541 3999 que
587 3914 1047 4000 (Hipparinum)
1092 3913 1159 3977 in
1205 3913 1416 3977 eadem
1462 3912 1538 3976 de
1584 3911 1897 3998 republica
1940 3909 2259 3973 voluntate
2297 3929 2435 3972 cum

419 4032 528 4096 illo
569 4033 1046 4097 consentientem
1077 4031 1320 4095 faciat.”
1373 4031 1653 4130 Fuerunt
1683 4038 1886 4095 autem
1918 4029 2041 4093 duo
2073 4025 2430 4112 Hipparini:

422 4151 576 4215 alter
613 4152 831 4217 Dionis
877 4151 1042 4214 filius
1089 4173 1161 4214 ex
1207 4151 1425 4229 Arete,
1473 4150 1691 4236 prioris
1739 4148 2019 4235 Dionysii
2064 4147 2216 4227 filia,
2252 4155 2431 4212 natus
