3025 5067
1625 375 1705 433 26

661 579 756 641 his
803 580 1152 662 conspirant
1197 602 1352 662 quae
1399 578 1474 641 ad
1516 580 1775 643 Dionem
1808 580 2017 643 scribit
2046 579 2159 664 Ep.
2196 580 2307 657 IV,
2345 606 2403 665 p.
2440 584 2563 644 320
2602 582 2671 643 C.

661 697 760 760 Ita
802 698 868 760 in
911 697 1228 760 Platonem
1277 698 1635 761 transfertur
1680 698 1743 761 id
1789 698 1989 782 ipsum
2036 673 2201 781 iluod
2246 699 2349 762 ille
2389 701 2677 763 acerrime

660 816 724 879 in
771 815 1072 900 Sophistis
1119 818 1464 901 vituperare
1511 816 1760 880 solebat.

748 934 992 998 Gloriae
1053 934 1257 998 studio
1303 935 1563 999 finitima
1615 942 1705 999 est
1756 936 2051 1017 φιλονικίσι
2104 945 2165 998 et
2217 938 2632 1015 μεγαληγορία
2652 986 2671 1013 ,

661 1076 816 1136 quae
840 1054 904 1116 in
929 1053 1210 1116 omnibus
1235 1054 1510 1138 epistolis
1536 1060 1795 1135 utraque
1821 1054 1942 1117 fere
1959 1054 2216 1138 paginae
2235 1054 2493 1118 elucent.
2532 1055 2674 1139 Ipse

659 1194 722 1234 se
777 1171 975 1234 solum
1035 1193 1241 1255 sapere
1288 1172 1627 1248 existimat,
1676 1178 1904 1235 ceteros
1950 1179 2193 1235 tantum
2250 1179 2548 1255 quantum
2596 1172 2673 1236 ab

660 1290 792 1374 ipso
841 1291 1210 1375 accepissent
1225 1318 1242 1367 3
1293 1290 1512 1373 quodsi
1544 1290 1667 1353 sint
1698 1290 1805 1374 qui
1838 1298 2056 1375 putent
2086 1314 2150 1353 86
2182 1297 2395 1375 suopte
2426 1291 2672 1375 ingenio

661 1409 892 1493 aliquid
954 1410 1275 1493 reperisse,
1343 1432 1555 1473 vanam
1602 1410 1759 1471 hanc
1804 1408 1955 1472 dicit
2002 1432 2130 1473 esse
2177 1409 2524 1493 opinionem
2540 1436 2557 1486 3
2609 1410 2674 1472 in

660 1529 899 1591 nemine
962 1528 1152 1591 bonae
1199 1527 1348 1611 quid
1394 1528 1587 1612 frugis
1632 1528 1827 1591 inesse
1848 1577 1863 1602 ,
1912 1528 2019 1611 qui
2065 1550 2189 1591 non
2236 1527 2311 1591 ab
2358 1528 2489 1611 ipso
2540 1550 2675 1611 pro-

661 1646 839 1710 batus
903 1653 963 1709 et
1025 1653 1328 1729 spectatus
1392 1646 1471 1709 sit
1487 1672 1504 1721 3
1569 1646 1775 1729 itaque
1838 1668 1901 1707 86
1962 1646 2081 1709 6011
2144 1652 2204 1709 et
2265 1646 2551 1709 honorari
2596 1645 2673 1709 ab

660 1764 941 1827 omnibus
1004 1770 1280 1848 oportere
1341 1771 1411 1827 ut
1471 1763 1801 1847 sapientiae
1856 1772 2183 1827 auctorem.
2227 1787 2233 1792 ·
2277 1763 2445 1827 Haec
2492 1763 2673 1827 modo

659 1883 881 1945 tectius
902 1932 920 1959 ,
967 1882 1149 1945 modo
1197 1882 1464 1965 apertius
1511 1882 1917 1965 proloquitur.
1967 1881 2109 1945 Vid.
2159 1881 2273 1966 Ep.
2310 1882 2411 1959 II,
2446 1905 2504 1966 p.
2540 1884 2670 1945 312

660 2000 748 2078 B,
799 1998 869 2063 C.
919 2000 1032 2084 Ep.
1084 2000 1218 2076 III,
1252 2024 1311 2083 p.
1349 2002 1476 2063 316
1520 1998 1589 2062 C.
1636 1999 1752 2083 Ep.
1786 1998 1935 2077 VII,
1972 2023 2030 2084 p.
2066 2002 2191 2063 341.
2227 2000 2543 2063 B-342
2578 2002 2672 2076 A,

661 2143 720 2202 p.
788 2122 918 2183 344
981 2119 1075 2196 D,
1154 2142 1213 2203 p.
1279 2121 1404 2182 345
1456 2116 1526 2182 G.
1618 2117 1706 2180 Ut
1766 2140 1958 2181 111111111
2005 2119 2347 2202 exemplum
2394 2117 2671 2194 afferam,

669 2260 846 2321 quam
914 2244 1260 2321 arroganter
1321 2236 1553 2301 dictum
1599 2243 1688 2300 est
1732 2236 1889 2299 illud
1934 2259 1994 2320 p.
2044 2239 2169 2299 341
2220 2236 2311 2299 D:
2362 2236 2545 2301 καίτοι
2586 2260 2677 2299 τσ-

661 2354 816 2420 σ-όνδε
867 2352 1091 2433 γὀἷδοι,
1147 2354 1230 2419 ὅτι
1283 2357 1597 2435 γραφέντα
1656 2355 1689 2430 ἢ
1734 2354 2027 2435 λεχθέντα
2074 2356 2170 2417 ὑπ’
2216 2358 2356 2431 ἐμοῦ
2404 2354 2673 2432 βέλτιστ’

589 2488 594 2501 ’
660 2474 732 2539 ἂν
777 2476 1033 2553 λεχθείη.

751 2592 848 2655 Ad
895 2592 1228 2677 discipulos
1275 2600 1336 2656 et
1379 2592 1705 2655 familiares
1751 2592 1838 2655 sic
1882 2592 2157 2676 loquitur
2186 2599 2258 2655 ut
2288 2593 2671 2675 aretalogus3

663 2710 934 2774 abundat
988 2710 1139 2774 locis
1201 2710 1625 2773 communibus
1642 2759 1659 2787 ,
1723 2717 2045 2795 praecepta
2097 2718 2390 2794 tanquam
2444 2710 2676 2773 oraculi

663 2830 841 2893 effata
901 2829 1044 2893 edit.
1103 2828 1246 2892 Vid.
1295 2828 1409 2913 Ep.
1459 2828 1621 2905 VII,
1670 2850 1729 2913 p.
1780 2831 1909 2892 334
1958 2827 2007 2891 C
2055 2839 2115 2893 et
2162 2832 2289 2892 336
2340 2828 2425 2915 E,
2477 2828 2673 2906 VIII,

665 2970 722 3031 p.
773 2949 901 3011 354
950 2948 1025 3011 A.
1075 2945 1300 3011 Crebro
1345 2948 1412 3009 in
1457 2967 1561 3010 ore
1607 2946 1791 3009 habet
1835 2946 1993 3009 illud
2050 2950 2207 3027 φημ’
2254 2947 2389 3025 ἐγώ,
2440 2950 2511 3017 ὡς
2558 2948 2674 3023 ἐγώ

659 3074 836 3147 φημι.
883 3065 996 3150 Ep.
1047 3065 1134 3143 ΙΙ,
1182 3089 1241 3150 p.
1291 3068 1417 3129 310
1462 3064 1547 3141 C,
1597 3068 1724 3128 311
1759 3065 1835 3128 D.
1872 3064 1993 3143 VI,
2028 3088 2087 3150 Ρ.
2132 3068 2259 3129 322
2293 3065 2386 3143 D,
2414 3064 2578 3129 alibi.
2624 3066 2668 3147 ¹)

751 3184 1082 3269 Superbiae
1128 3184 1271 3247 huic
1311 3185 1529 3269 juncta
1574 3190 1693 3261 est,
1744 3206 1899 3266 quae
1929 3184 2077 3257 item
2107 3183 2172 3247 in
2204 3183 2488 3247 omnibus
2521 3183 2675 3267 cpis-

663 3303 806 3366 tolis
867 3303 1166 3379 cernitur,
1231 3302 1508 3374 affectata
1572 3302 1811 3386 pictatis
1873 3309 1933 3365 et
1993 3302 2303 3385 religionis
2350 3302 2678 3366 ostentatio

665 3429 790 3485 tam
836 3422 900 3486 in
947 3421 1263 3485 sententiis
1311 3443 1495 3504 quam
1541 3422 1605 3483 in
1646 3420 1863 3485 verbis„
1940 3420 2283 3485 Sexcenties
2316 3420 2679 3484 offendimus

666 3541 962 3605 dictiones
1024 3539 1410 3603 huiusmodi:
1475 3538 1547 3603 ἂν
1608 3540 1723 3611 θεὸς
1769 3539 1966 3621 ἐθέλῃ,
2018 3540 2120 3603 σὺν
2166 3542 2265 3619 θεῷ
2303 3542 2511 3613 εἰπεῖν,
2558 3540 2681 3610 θείᾳ

666 3662 772 3723 τινὶ
804 3658 990 3739 τύχῃ,
1020 3656 1559 3735 ξυλλαμβοινόντων
1590 3660 1722 3721 θεῶν
1740 3707 1754 3725 .
1786 3657 1910 3721 bela
1939 3664 2139 3736 μοῖραι,
2177 3658 2302 3737 ἱεραὶ
2332 3656 2640 3733 ξυμβουλή
2660 3710 2678 3731 ,

669 3778 908 3861 aliaque
953 3776 1017 3839 id
1062 3798 1256 3860 genus
1316 3782 1527 3840 notata
1565 3777 1700 3867 jam
1730 3776 1953 3860 passim
2000 3776 2075 3839 ab
2134 3777 2339 3852 Astio,
2370 3778 2419 3859 2)
2452 3776 2679 3860 quibus

737 4066 784 4125 1)
820 4064 928 4112 vid.
965 4067 1068 4113 Ast.
1101 4064 1208 4112 libr.
1243 4064 1370 4112 laud.
1405 4080 1452 4127 p.
1487 4063 1609 4121 509,
1647 4063 1767 4122 516,
1804 4064 1927 4122 519,
1962 4063 2075 4112 529.

736 4160 784 4226 2)
820 4160 928 4209 vid.
963 4162 1069 4214 Ast.
1105 4176 1150 4229 p.
1187 4161 1306 4219 511,
1343 4159 1463 4221 514,
1499 4156 1593 4209 517
1608 4180 1625 4220 ;
1661 4159 1755 4207 519
1791 4176 1889 4223 sq„
1926 4159 2049 4219 532,
2086 4159 2199 4209 528.
