3025 5067
1645 414 1762 474 110

698 643 862 705 seqq.
929 627 1164 702 σμικροῦ
1226 620 1464 692 ἐπιδεεῖς
1520 617 1680 686 εἶναι.
1774 619 2165 685 Constructio
2216 627 2415 686 autem
2460 621 2719 689 ἐπιδεεῖς

700 737 842 805 εἶναι
887 739 953 804 τὸ
997 742 1082 818 μὴ
1127 777 1217 788 -—
1262 761 1468 803 vereor
1515 762 1591 803 ne
1635 760 1758 802 non
1805 739 2035 803 Graeca
2081 739 2179 803 sit.

782 858 1114 922 Affectatae
1174 856 1496 922 verborum
1558 857 1830 941 argutiae
1889 864 2221 922 cernuntur
2264 858 2330 921 in
2375 857 2489 921 hoc
2533 857 2718 933 1000,

694 1000 752 1061 p.
802 979 930 1040 354
978 976 1068 1039 A:
1118 975 1298 1053 Λέγω
1353 975 1474 1055 γὰρ
1521 975 1587 1050 δή
1632 975 1921 1051 διαιτητοῦ
1967 977 2097 1041 τινα
2139 976 2341 1057 τρόπον
2363 976 2722 1053 διαλεγόμε·

692 1117 780 1166 νος
839 1096 911 1164 ὥς
973 1094 1123 1160 δυοῖν
1139 1144 1157 1177 ,
1220 1094 1664 1174 τυραννεύσαντί
1717 1119 1783 1158 τε
1837 1094 1934 1159 καὶ
1994 1095 2444 1176 τυραννευθέντι,
2504 1096 2576 1166 ὥς
2627 1093 2715 1157 ἐνὶ

691 1213 934 1294 ἑκατέρῳ
1008 1213 1276 1292 παλαιὰν
1346 1214 1488 1290 ἐμήν
1548 1212 1941 1289 ξυμβουλήν.“
1997 1212 2199 1293 Quam
2261 1213 2565 1298 quaesitae
2624 1236 2715 1276 ne

691 1330 886 1395 dicam
934 1331 1175 1416 ineptae
1223 1331 1627 1394 anthitheses:
1677 1331 1835 1408 λέγω
1880 1369 1971 1380 --
2014 1332 2423 1408 διαλεγόμενος
2440 1381 2457 1415 ,
2497 1356 2711 1412 τυραν-

691 1449 950 1514 νεύσαντι
996 1488 1086 1498 —-
1129 1449 1579 1532 τυραννευθέντι,
1626 1453 1700 1522 ὥς
1744 1450 1889 1515 δυοῖν
1934 1489 2025 1498 -
2067 1453 2139 1524 ὥς
2186 1451 2282 1516 ἑνί.
2354 1451 2562 1515 Simile
2608 1459 2717 1514 est

692 1567 855 1651 quod
900 1589 1041 1632 mox
1085 1569 1376 1653 legimus:
1425 1565 1482 1642 ὃς
1533 1571 1655 1633 ἰδὼν
1683 1621 1696 1635 .
1730 1617 1744 1635 .
1774 1619 1789 1634 .
1837 1569 2279 1652 διαφθείραντας
2332 1571 2567 1642 ἑαυτοὺς
2598 1571 2711 1634 καὶ

689 1688 792 1761 τήν
850 1687 1017 1752 πόλιν
1060 1687 1428 1769 ἑκατέρους
1470 1688 1837 1768 ἑκατέραν,
1876 1696 2179 1772 postrema
2223 1689 2426 1773 inepte
2463 1687 2710 1764 addita;

692 1810 752 1868 et
813 1828 873 1889 p.
938 1807 1065 1868 356
1132 1805 1216 1868 A:
1285 1808 1469 1883 τρίτον
1530 1806 1591 1870 δὲ
1650 1808 2055 1886 προκαλεῖσθαι
2124 1809 2239 1888 χρὴ
2306 1804 2567 1883 βασιλέα
2594 1857 2607 1869 .
2642 1858 2659 1871 .
2692 1857 2709 1872 .

690 1922 942 1988 ἕκοντα
1004 1925 1295 1998 ἑκούσης
1359 1933 1464 2000 τῆς
1542 1932 1893 1996 πόλεως...
1970 1926 2071 1988 ε’ἐιν
2140 1925 2299 2006 ἐθέλῃ
2354 1926 2515 1989 ἑκὼν
2575 1927 2709 1990 κτὲ.

690 2040 947 2105 Prorsus
1009 2049 1212 2105 autem
1267 2042 1543 2126 ineptum
1604 2041 1769 2125 quod
1829 2040 2111 2126 deinceps
2168 2042 2407 2106 scribit:
2463 2043 2711 2118 δύναμιν

693 2162 888 2231 αὐτοῖς
921 2160 1109 2232 δόντες
1139 2159 1268 2225 εἴτ’
1304 2160 1726 2242 αφελόντεςε
1777 2145 2083 2244 quomodo
2114 2183 2308 2224 sermo
2340 2169 2541 2247 potest
2570 2183 2709 2224 esse

690 2278 766 2342 de
823 2277 1144 2342 adimenda
1205 2287 1504 2363 potestate
1566 2280 1655 2357 ei,
1731 2280 1831 2344 cui
1904 2281 2177 2344 nondum
2238 2280 2366 2344 ulla
2433 2286 2707 2363 potestas

689 2399 1005 2463 commissa
1066 2398 1202 2462 est?
1246 2400 1567 2480 ἀφελόντες
1614 2406 1815 2483 aperte
1863 2399 2138 2463 additum
2156 2449 2175 2477 ,
2224 2407 2297 2462 ut
2342 2399 2697 2483 oppositum

691 2517 770 2580 sit
826 2516 1006 2580 verbo
1068 2517 1272 2590 δόντες.
1367 2517 1554 2582 Vides
1614 2520 1967 2604 scriptorem
2028 2519 2296 2604 argutias
2344 2525 2663 2582 venantem
2684 2568 2703 2594 ,

691 2636 767 2699 de
813 2659 992 2700 sensu
1036 2628 1250 2721 parum
1295 2637 1643 2703 sollicitum.

778 2753 1143 2839 Expromam
1205 2756 1387 2819 etiam
1449 2779 1642 2821 unum
1707 2763 1769 2820 et
1827 2756 2085 2820 alterum
2147 2756 2350 2819 locum
2410 2761 2706 2838 tanquam

689 2874 988 2958 specimen
1035 2873 1600 2958 grandiloquentiae
1649 2882 1711 2938 et
1758 2875 2018 2958 tragicae
2062 2875 2384 2941 verborum
2423 2896 2702 2958 pompae.

689 2990 1060 3055 Huiusmodi
1105 3000 1250 3055 sunt
1295 2993 1468 3069 haec,
1520 3015 1578 3076 p.
1614 2995 1742 3054 354
1773 2990 1851 3054 C:
1900 2989 1927 3056 ὃ
1962 2993 2027 3067 δὴ
2060 2992 2153 3056 καὶ
2190 2997 2284 3057 νῦν
2323 2993 2493 3068 οὑμὸς
2517 2992 2699 3068 λόγος

691 3114 836 3174 πᾶσι
877 3111 1448 3190 παρακελεύεται...
1501 3109 1745 3192 φεύγειν
1790 3119 1960 3193 φυγῇ
2005 3112 2391 3184 οὶπλήστως
2429 3109 2703 3174 πεινών-

689 3253 818 3292 των
848 3227 1365 3307 εὐδαιμόνισμα
1393 3229 1761 3308 οένθρώπων
1792 3230 1907 3292 καὶ
1940 3230 2277 3304 ἀνοήτων,
2314 3228 2374 3290 h.
2402 3251 2453 3292 e.
2488 3227 2699 3312 fugere

691 3347 974 3412 hominum
1010 3347 1337 3410 ineffabili
1361 3348 1541 3434 fame
1576 3346 1943 3410 esurientium
1980 3347 2220 3411 delicias
2240 3353 2295 3410 eb
2318 3347 2655 3411 dementium
2674 3397 2693 3423 ,

692 3463 982 3548 intelligit
1026 3464 1423 3550 tyrannidem.
1517 3464 1600 3528 Et
1660 3487 1719 3549 p.
1779 3466 1902 3529 357
1956 3466 2045 3527 A:
2094 3467 2390 3544 κρατήσας
2436 3470 2545 3529 τῶν
2591 3466 2700 3544 ε’χ-

693 3586 824 3662 θρῶν
881 3584 1007 3660 μεθ’
1075 3584 1261 3666 ὑμῶν,
1320 3585 1378 3648 εἷ
1439 3585 1533 3658 μὴ
1585 3581 1859 3658 ξενικαὶ
1914 3579 2254 3662 Ἑριννύες
2302 3584 2697 3664 ἐκώλυσαν,

695 3701 754 3765 h.
818 3725 868 3765 e.
937 3703 1136 3784 hospes
1201 3701 1303 3786 qui
1344 3675 1454 3764 .me
1518 3700 1847 3789 interfeci&
1895 3723 2110 3785 nempe
2156 3699 2508 3785 CallippuS,
2580 3701 2693 3785 qui

693 3821 758 3884 in
817 3819 1093 3906 Epistola
1158 3817 1304 3896 VII,
1373 3842 1433 3904 p.
1498 3821 1626 3882 336
1689 3818 1771 3896 B,
1822 3819 2005 3882 simili
2048 3819 2402 3903 metaphora
2447 3827 2699 3884 vocatur

693 3937 978 4016 οὶλιτήριός
1036 3961 1123 4011 τις
1184 3940 1447 4014 ἐμπεσὼν
1505 3939 1720 4018 ἀνομία
1784 3936 1881 4000 καὶ
1944 3937 2226 4012 ἀθεότητι.
2320 3935 2496 4000 Nihil
2550 3959 2695 4000 vero

694 4053 1070 4140 splendidius
1131 4077 1313 4138 quam
1380 4056 1763 4118 enuntiatum
1830 4055 1893 4118 in
1954 4055 2226 4139 epilog0,
2294 4078 2415 4138 quo
2474 4057 2696 4140 episto-

693 4173 812 4238 lam
867 4174 962 4236 vel
1008 4175 1210 4258 potius
1255 4175 1603 4254 δημηγορίαν
1663 4172 1911 4238 claudit.
2019 4173 2138 4236 Dio
2185 4173 2401 4236 suadet
2443 4174 2694 4252 amiciS‚
