3025 5067
1263 443 1384 500 185

301 646 502 709 huius
549 647 822 730 generiS,
873 657 934 710 et·
979 647 1054 710 de
1099 647 1265 710 omni
1312 646 1619 709 animante
1665 655 1725 709 et
1766 646 1841 708 de
1873 646 2211 709 animorum
2242 644 2327 706 111-

295 763 450 828 dole
495 775 557 827 et
601 765 678 829 de
724 765 1009 830 omnibus
1049 787 1206 847 quae
1258 764 1513 828 facimus
1560 788 1629 829 ac
1660 765 1944 850 patimur.
1994 763 2131 827 Nisi
2163 763 2324 827 enim

295 883 368 945 in
431 882 528 946 his
573 883 683 947 illa
729 890 996 967 quatuor
1041 882 1488 967 quodammodo
1536 885 1674 968 quis
1721 891 1957 960 teneat,
2004 905 2322 967 nunquam

301 1000 574 1084 perfecte
635 1001 838 1085 quinti
901 1002 1188 1065 scientiae
1251 1002 1553 1087 particeps
1618 1002 1747 1066 erit.
1828 1001 1926 1066 Ad
1972 1002 2119 1066 haec
2164 1002 2323 1065 enim

299 1117 419 1181 illa
463 1141 593 1182 non
639 1119 843 1184 minus
891 1119 1248 1204 qualitatem
1296 1127 1358 1184 et
1403 1121 1663 1205 speciem
1704 1121 2001 1205 cuiusque
2030 1120 2117 1184 rei
2142 1141 2326 1202 quam

301 1237 632 1301 essentiam
697 1245 758 1303 et
819 1240 943 1303 vim
1005 1238 1320 1303 ostendere
1383 1246 1681 1304 conantur
1723 1245 1967 1325 propter
2020 1238 2325 1303 rationum

300 1357 708 1423 debilitatem.
801 1356 1192 1444 Quapropter
1250 1380 1429 1422 nemo
1489 1358 1714 1422 mentis
1777 1379 2023 1442 compos
2079 1357 2329 1422 audebit

297 1497 582 1560 unquam
630 1476 696 1540 in
742 1477 852 1540 has
899 1476 1212 1540 includere
1255 1477 1557 1560 cogitata,
1590 1476 2034 1541 immutabilem
2064 1498 2329 1561 praeser-

299 1595 416 1657 tim
481 1594 548 1658 in
610 1595 865 1658 formam
883 1645 900 1672 ,
965 1594 1310 1660 cuiusmodi
1373 1602 1521 1659 sunt
1576 1617 1731 1678 quae
1775 1595 1968 1659 literis
2013 1601 2326 1659 notantur.

295 1713 446 1778 Hoc
508 1721 716 1777 autem
780 1713 946 1797 quod
1007 1737 1174 1778 1111110
1231 1714 1360 1777 dixi
1405 1736 1615 1778 rursus
1662 1721 1754 1778 est
1799 1712 2326 1778 considerandum.

206 1923 210 1926 ὓ
298 1831 592 1912 Quilibet
651 1832 918 1896 circulus
936 1882 954 1910 ,
1017 1833 1228 1916 quales
1289 1833 1356 1896 in
1413 1833 1575 1896 vitae
1620 1855 1739 1896 usu
1784 1832 2153 1896 adhibentur
2166 1881 2185 1910 ‚
2235 1831 2329 1895 vel

296 1951 508 2035 pictus
570 1951 667 2014 vel
730 1958 909 2014 torno
970 1950 1168 2014 factus
1184 1999 1203 2028 ‚
1253 1952 1448 2014 multa
1493 1951 1679 2017 habet
1726 1951 1943 2035 quinto
1990 1951 2325 2015 contraria:

293 2068 723 2153 undequaque
780 2067 940 2132 enim
997 2069 1145 2132 recti
1189 2069 1490 2154 particeps
1538 2076 1658 2146 est3
1706 2070 1907 2154 ipsum
1953 2092 2096 2134 vero
2142 2070 2331 2134 circu·

293 2188 438 2266 lum
481 2188 748 2252 fatemur
793 2187 950 2251 nihil
996 2209 1106 2250 nec
1153 2187 1292 2272 plns
1337 2209 1448 2251 nec
1492 2188 1699 2252 minus
1746 2188 1810 2252 in
1858 2211 1921 2252 se
1966 2188 2186 2253 habere
2228 2210 2331 2252 nae

299 2313 486 2368 turae
534 2305 655 2390 ipsi
702 2305 1060 2370 contrariae.
1108 2303 1350 2369 Nomen
1396 2327 1644 2389 quoque
1677 2307 2041 2391 cuiusquam
2071 2307 2328 2370 istorum

299 2423 508 2488 ullum
554 2424 801 2488 firmum
848 2446 977 2488 esse
1021 2446 1351 2509 negamus:
1400 2424 1557 2488 nihil
1604 2425 1765 2489 enim
1810 2432 1977 2489 vetat
2019 2433 2185 2490 recta
2230 2449 2329 2489 vo·

293 2543 428 2608 cari
463 2565 622 2627 quae
652 2565 821 2607 nunc
841 2541 1113 2606 rotunda
1133 2543 1519 2606 nominamus
1543 2543 1931 2628 rotundaque
1956 2566 2111 2628 quae
2134 2551 2327 2622 recta,

303 2685 510 2746 neque
559 2662 764 2725 minus
810 2661 984 2724 firma
1029 2683 1100 2724 ea
1145 2661 1272 2725 fore
1317 2661 1669 2726 nominibus
1700 2663 1765 2726 in
1796 2663 2167 2728 contrarium
2200 2686 2331 2728 mu-

299 2781 472 2844 tatis,
569 2779 800 2843 Eadem
847 2800 1093 2862 quoque
1140 2777 1508 2842 definitionis
1560 2781 1713 2844 ratio
1761 2791 1883 2859 est,
1936 2782 2080 2866 quia
2122 2805 2193 2847 ex
2226 2805 2329 2847 no-

299 2896 582 2963 minibus
646 2905 707 2960 et
761 2896 957 2962 verbis
1007 2905 1098 2960 est
1145 2897 1513 2982 composita,
1564 2911 1635 2961 ut
1680 2899 1836 2962 nihil
1880 2902 2141 2964 istorum
2186 2902 2330 2966 satis

302 3015 532 3081 habeat
577 3014 901 3078 firmitatis,
996 3013 1249 3078 Infinita
1279 3037 1488 3079 rursus
1522 3016 1887 3082 documenta
1918 3018 2177 3103 probant
2200 3020 2331 3085 illo-

305 3157 450 3197 rum
514 3141 783 3217 quatuor
842 3132 1085 3196 nullum
1133 3156 1261 3196 esse
1319 3141 1587 3212 0011111ος
1634 3137 1964 3200 maximum
2010 3160 2152 3202 vero
2200 3147 2324 3218 est,

302 3249 475 3336 quod
521 3251 710 3336 paulo
757 3257 900 3314 ante
945 3250 1295 3314 dicebamus
1312 3300 1330 3329 ‚
1382 3252 1583 3336 quod,
1636 3255 1923 3338 quoniam
1972 3256 2095 3320 duo
2144 3265 2326 3337 sunt,

305 3369 573 3433 essentia
634 3375 695 3431 et
757 3368 1021 3452 qualitas
1039 3418 1057 3446 ,
1121 3391 1312 3452 quum
1369 3349 1610 3434 animus
1655 3393 1778 3437 non
1824 3373 2005 3458 quale
2052 3375 2200 3459 quid
2249 3377 2327 3440 sit

304 3486 416 3552 sed
477 3485 630 3570 quid
686 3487 768 3550 sit
814 3486 966 3550 scire
1013 3495 1294 3571 quaerat,
1343 3488 1462 3552 uisi
1506 3489 1750 3554 illorum
1801 3499 2067 3575 quatuor
2111 3517 2329 3559 unum-

304 3803 577 3852 delineato:
615 3802 793 3850 factum
828 3806 902 3850 est
935 3800 994 3849 ad
1034 3800 1350 3850 imitationem
1386 3803 1600 3852 Platonis
1617 3804 1842 3865 Phaedri,
1882 3808 1970 3856 vid
1997 3809 2119 3858 infra
2140 3825 2185 3874 p.
2214 3811 2329 3862 200.

372 3899 426 3959 4)
463 3896 622 3960 Vulgo
649 3897 848 3961 Δ11111λὺ1111.

375 3995 428 4055 5)
467 3991 649 4056 Vulgo:
692 3995 848 4049 ἱκανῶς
880 3993 1091 4056 βεβαίως
1123 3992 1232 4042 εἶναι
1263 3998 1473 4057 βέβαιον.
1545 3995 1675 4059 Ejeci
1708 4001 1939 4064 βεβαίως,
1975 4001 2103 4064 quod
2139 4003 2329 4054 videtur
