3025 5067
1261 465 1381 524 155

296 695 421 742 τες.
470 692 530 755 p.
567 671 692 734 353
727 672 799 733 'A
829 668 900 732 B.
996 667 1229 732 Eodem
1277 674 1553 752 spectant
1600 688 1757 750 quae
1802 665 2061 750 legimus
2095 687 2154 750 p.
2190 667 2318 728 354

295 789 358 850 D
387 815 400 850 ε
449 791 496 853 οἱ
543 793 660 868 γαρ
706 787 809 866 πρὸ
857 793 1147 852 Διονυσίου
1179 786 1276 850 καὶ
1309 786 1635 866 Ἱππαρίνου
1667 783 1944 866 ἄρξαντες
1977 790 2317 849 Σικελιῶται

292 910 432 985 τόθ’,
492 911 563 980 ὥς
610 907 809 989 ᾤοντο,
859 906 1200 984 εὐδαιμόνως
1246 905 1414 987 ἔζων,
1462 905 1787 985 τρυφῶντές
1820 930 1886 969 τε
1917 904 2013 969 καὶ
2046 902 2182 982 ἅμα
2215 903 2315 984 ἄρ-

294 1051 508 1108 χοντες
528 1047 543 1062 ·
589 1023 640 1092 οἳ
685 1027 781 1090 καὶ
827 1026 960 1097 τοὺς
1007 1026 1144 1090 δέκα
1190 1027 1555 1103 στρατηγοὺς
1600 1024 1961 1089 κατέλευσαν
1993 1023 2321 1101 βάλλοντες

297 1148 436 1218 τοὺς
490 1147 600 1226 πρὸ
662 1147 986 1217 Διονυσίου,
1050 1146 1211 1210 κατὰ
1266 1143 1430 1219 νόμον
1489 1144 1689 1208 οὐδένα
1748 1143 2035 1224 κρίναντες
2054 1194 2073 1218 ,
2121 1139 2213 1206 ἱνα
2258 1143 2323 1217 δὴ

300 1266 609 1332 δουλεύοιεν
654 1265 847 1343 μηδενὶ
896 1266 1048 1342 μήτε
1109 1264 1210 1329 σὺν
1257 1263 1380 1344 δίκῃ
1427 1264 1582 1338 μήτε
1639 1262 1789 1342 νόμῳ
1834 1261 2084 1342 δεσπότῃ
2096 1311 2113 1344 ,
2163 1261 2323 1326 ἐλεύ-

301 1385 441 1463 θεροι
473 1384 520 1448 δ’
542 1380 653 1449 εἷεν
683 1383 875 1456 πάντη
909 1383 1171 1454 παντως·
1219 1380 1336 1446 ὅθεν
1375 1381 1437 1445 αἱ
1465 1380 1784 1460 τυραννίδες
1819 1380 2075 1456 ἐγένοντο
2106 1382 2321 1449 αὐτοῖς.

397 1500 462 1564 Si
501 1522 918 1584 comparamus
950 1499 1063 1562 hos
1095 1498 1292 1575 locos,
1329 1504 1578 1582 apparet
1610 1496 1863 1561 eandem
1900 1497 2132 1561 narrari
2162 1519 2322 1572 rem,

303 1627 369 1682 at
433 1619 669 1682 diverso
727 1617 928 1682 modo,
1021 1617 1098 1681 In
1143 1617 1342 1702 priore
1388 1616 1523 1680 loco
1579 1616 1875 1700 legimus„
1925 1615 2219 1700 Dionysio
2268 1623 2330 1677 et

302 1737 688 1822 HipparinO,
751 1736 924 1800 alteri
984 1742 1055 1799 ut
1119 1736 1249 1798 viro
1312 1735 1454 1798 forti
1517 1742 1576 1799 et
1635 1735 1723 1798 rei
1767 1733 2050 1798 militaris
2097 1733 2291 1817 perito
2309 1781 2327 1810 ,

304 1854 482 1918 alteri
528 1862 600 1918 ut
648 1853 936 1939 prudenti
999 1852 1366 1929 consultori,
1429 1852 1751 1938 imperium
1798 1851 2157 1915 mandatum
2203 1871 2331 1915 esse

305 1997 342 2037 a
389 1973 620 2037 civibus
637 2021 655 2050 ‚
720 1979 822 2036 ut·
849 1995 884 2036 a
940 1971 1474 2056 Carthagiensium
1522 1970 1935 2036 dominatione
1982 1992 2083 2034 eos
2131 1969 2331 2033 defen-

305 2092 540 2156 derent.
573 2089 652 2154 In
675 2091 1005 2175 posteriore
1028 2096 1238 2154 autem
1260 2090 1539 2174 tyrannis
1565 2085 1843 2173 Dionysii
1864 2095 2009 2152 nata
2035 2109 2164 2152 esse
2188 2087 2333 2151 dioi-

303 2208 490 2274 tur'e
534 2209 796 2274 civitatis
827 2210 1090 2292 ἀναρχία
1107 2261 1126 2282 ,
1165 2229 1358 2294 quum
1389 2208 1548 2279 cives
1566 2259 1583 2287 ‚
1617 2209 1845 2294 injuste
1877 2208 2091 2272 occisis
2124 2207 2330 2270 decem

305 2328 568 2394 ducibus
582 2379 601 2406 ‚
648 2328 840 2393 nullis
887 2329 1149 2414 amplius
1181 2351 1388 2414 parere
1419 2328 1660 2413 legibus
1691 2327 1935 2392 vellent.
2008 2327 2097 2390 Ut
2127 2333 2328 2391 autem

305 2449 458 2513 haec
502 2449 663 2513 inter
707 2470 771 2511 se
803 2421 1032 2533 ‘parum
1079 2455 1462 2533 congruunt,
1533 2448 1622 2512 ita
1680 2468 2069 2531 nequaquam
2117 2466 2331 2510 conve-

304 2568 490 2631 niunt
549 2589 691 2631 cum
761 2567 836 2630 iis
895 2589 1051 2650 quae
1100 2589 1173 2630 ex
1219 2567 1645 2630 historicorum
1670 2616 1687 2644 ‚
1736 2566 1992 2631 Diodori
2036 2565 2333 2650 imprimis

303 2687 652 2750 narratione
683 2685 973 2750 discimus
989 2735 1008 2764 ,
1043 2687 1150 2770 qui
1179 2708 1306 2750 rem
1344 2685 1430 2749 ita
1458 2693 1695 2764 narrat,
1720 2685 1827 2750 lib.
1863 2683 2048 2763 XIII,
2074 2705 2126 2748 c.
2158 2685 2334 2746 81-

307 2807 416 2868 96.
521 2803 734 2885 Quum
795 2803 1258 2889 Carthagienses
1321 2827 1373 2868 a.
1423 2807 1551 2869 406
1612 2823 1833 2868 novam
1890 2802 2335 2888 expeditionem

305 2925 380 2988 in
426 2922 694 2988 Siciliam
742 2925 1148 3009 suscepissent
1193 2931 1254 2987 et
1298 2923 1512 2989 urbem
1559 2923 1967 3008 Agrigentum
2021 2921 2336 2986 obsidione

309 3043 675 3120 cinxissent,
723 3041 1095 3127 Daphnaeus
1142 3041 1367 3126 aliique
1414 3042 1599 3107 duces
1647 3061 1787 3106 cum
1834 3042 2023 3105 classe
2072 3047 2131 3104 et
2176 3062 2329 3104 exer·

310 3161 445 3225 citu
506 3183 541 3224 a
603 3161 994 3246 Syracusanis
1055 3160 1283 3225 auxilio
1329 3162 1498 3224 missi
1546 3167 1691 3224 sunt
1745 3159 2179 3244 Agrigentinis
2252 3157 2337 3222 Hi

311 3283 383 3345 in
437 3281 652 3344 urbem
696 3281 924 3365 recepti
975 3301 1114 3343 mox
1169 3279 1246 3344 ob
1300 3279 1589 3343 frumenti
1635 3279 1903 3364 inopiam
1962 3285 2152 3342 noctu
2214 3299 2339 3341 una

312 3395 459 3462 cu'm
536 3398 772 3462 civibus
849 3398 1063 3463 urbem
1135 3397 1518 3482 reliquerunt
1588 3405 1649 3461 et
1708 3396 2091 3460 tradiderunt
2151 3395 2339 3460 hosti-

312 3519 453 3582 bus,
517 3517 670 3581 Inde
715 3517 1040 3602 Syracusas
1095 3517 1315 3580 reversi
1363 3516 1736 3602 Daphnaeus
1777 3518 2031 3600 ejusque
2072 3514 2337 3599 collegae

313 3643 569 3722 propter
627 3636 899 3700 relictam
955 3635 1168 3700 urbem
1217 3635 1281 3698 in
1329 3635 1617 3699 concione
1664 3634 2026 3719 proditionis
2074 3633 2339 3697 accusati

318 3762 490 3818 sunt.
583 3755 642 3818 A
710 3754 1075 3838 quibusnam
1122 3753 1372 3818 autem?
1461 3751 1607 3816 Non
1655 3775 1690 3816 a
1734 3751 2193 3838 magistratibus
2243 3751 2341 3816 vel

315 3872 395 3937 ab
428 3873 501 3936 iis
542 3872 646 3959 qui
676 3879 810 3936 ante
848 3871 1186 3956 Dionysium
1217 3873 1521 3954 imperium
1551 3877 1886 3949 tenuerant,
1913 3878 1985 3934 ut
2016 3870 2167 3934 dicit
2197 3869 2342 3954 Epi-

315 3991 480 4055 stola
541 3992 609 4074 (οἱ
669 3987 774 4071 πρὸ
830 3977 1121 4056 Διονυσίου
1181 3988 1521 4074 ἄρξαντες),
1587 3989 1693 4054 sed
1756 4012 1791 4052 a
1836 3987 2133 4066 factione,
2186 4010 2341 4072 quae

319 4110 432 4174 diu
489 4108 644 4174 clam
687 4131 784 4172 res
831 4131 1017 4172 novas
1065 4107 1276 4171 molita
1291 4157 1311 4186 ‚
1361 4115 1493 4171 tum
1541 4107 1806 4194 primum
1849 4107 1914 4171 in
1960 4106 2158 4172 lucem
2207 4128 2344 4192 pro-

320 4227 441 4291 diit
454 4274 474 4305 ,
539 4226 836 4314 cuiusque
898 4225 1083 4292 duces
1155 4232 1328 4292 erant
1395 4225 1526 4316 ipse
1593 4223 1923 4316 Dionysius
1992 4233 2055 4291 ct
2122 4223 2343 4295 Philis-
