3025 5067
1261 405 1343 464 95

295 607 553 673 debebat
609 630 736 672 non
804 630 944 672 cum
1016 614 1139 673 νοῦν
1198 608 1561 685 κεκτημένοις
1576 657 1595 686 ,
1642 608 1751 672 sed
1795 630 1932 673 cum
1979 608 2293 687 μέλλουσι,

291 726 390 789 vel
433 727 638 811 potius
682 726 793 790 tali
833 726 1018 791 modo
1063 726 1281 791 scribi:
1331 724 1403 791 ὧν
1447 730 1624 809 χρεία
1666 733 1782 800 τοῖς
1828 728 2103 804 μέλλουσι
2134 727 2297 804 μετα

291 851 386 909 νοῦ
414 882 505 893 -
531 846 976 923 βουλεύσασθαι.
1025 847 1126 909 An
1159 868 1298 911 vero
1329 845 1605 909 dativum
1633 852 1751 917 τοῖς
1781 852 1903 911 νοῦν
1933 845 2297 923 κεκτημένοις

290 963 410 1027 hoc
462 986 642 1028 sensu
686 964 930 1049 posuit:
977 963 1250 1049 „judicio
1298 986 1508 1027 eorum
1554 963 1660 1047 qui
1708 962 1941 1047 aliquid
1988 962 2295 1047 sapiunt‚”

289 1104 418 1165 qua
475 1082 911 1167 significatione
979 1082 1218 1145 dativus
1277 1081 1587 1167 participii
1630 1080 1941 1146 interdum
2000 1081 2297 1167 ponitur?

287 1200 369 1263 In
415 1197 578 1266 hunc
625 1224 868 1265 sensum
913 1201 1145 1287 accepit
1189 1200 1436 1265 Ficinus
1451 1250 1469 1278 ‚
1536 1201 1643 1284 qui
1689 1201 1893 1265 locum
1940 1201 2027 1264 sic
2070 1201 2292 1265 vertit:

286 1320 562 1403 „quibus
631 1321 878 1385 omnino
937 1322 1028 1385 vel
1082 1320 1442 1384 mediocriter
1488 1323 1753 1401 prudeus
1811 1342 1965 1404 opus
2026 1342 2155 1383 esse
2218 1318 2294 1383 ad

286 1462 388 1503 res
433 1439 786 1503 huiusmodi
829 1439 1119 1533 gerendas
1133 1488 1151 1515 ,
1200 1437 1409 1522 quales
1454 1445 1598 1503 tuae
1644 1444 1815 1502 erant
1828 1488 1847 1517 ‚
1882 1438 2297 1502 existimarit?

288 1558 488 1642 Atqui
533 1535 620 1622 sic
665 1566 806 1622 ante
849 1560 1124 1635 μέλλουσι
1187 1556 1477 1621 articulus
1536 1564 1653 1629 τοῖς
1710 1557 1914 1621 abesse
1960 1579 2084 1621 non
2130 1564 2296 1642 pote-

285 1682 417 1753 rat,
481 1683 542 1740 et
586 1684 744 1739 certe
790 1676 1047 1740 obscura
1091 1682 1154 1739 et
1195 1675 1413 1739 vitiosa
1457 1683 1551 1739 est
1594 1676 1906 1743 amborum
1954 1674 2296 1739 dativorum

289 1796 664 1880 conjuncti0.

389 1914 664 1977 Alterum
726 1912 1068 1997 exemplum
1133 1910 1529 1975 inconcinnae
1595 1911 1911 1975 verborum
1974 1913 2299 1997 juncturae

289 2019 544 2117 praebet
601 2031 772 2095 locus
829 2054 887 2115 p.
937 2032 1062 2095 317
1113 2029 1185 2093 E.
1265 2078 1305 2107 ‚‚
1327 2028 1693 2112 Postquam,
1741 2028 1973 2112 inquit,
2024 2053 2059 2093 a
2100 2038 2162 2093 te
2208 2052 2297 2094 ar-

290 2151 550 2213 cessitus
596 2149 920 2235 Syracusas
967 2148 1138 2225 veni,
1186 2149 1300 2225 ἑγὼ
1344 2147 1450 2224 μὲν
1494 2144 1587 2212 οὗν
1634 2146 1816 2223 ἠξίουν
1862 2148 1927 2223 δή
1980 2172 2088 2213 που
2137 2148 2299 2212 κατὰ

288 2272 402 2343 τὴν
475 2270 788 2345 ὁμολογίαν
845 2274 955 2334 τῶν
1019 2270 1332 2333 ἐπιστολῶν
1407 2272 1622 2346 πρῶτον
1690 2267 1794 2341 μὲν
1857 2264 2143 2343 κατάγειν
2202 2267 2303 2332 τὸν

290 2389 496 2454 Δίωνα
553 2386 978 2465 οἰκειωσάμενον
994 2435 1013 2463 ,
1077 2385 1310 2468 Φράζων
1367 2387 1471 2460 τὴν
1536 2384 1853 2460 οἰκειότητα
1873 2434 1892 2463 ,
1960 2382 2023 2461 ἣν
2076 2387 2123 2450 εἰ
2172 2386 2298 2463 ἐμοὶ

287 2506 432 2571 τότε
467 2506 715 2581 ἐπείθου,
747 2504 897 2585 τάχ’
923 2504 994 2569 ἂν
1027 2504 1257 2582 βέλτιον
1298 2510 1409 2569 τῶν
1441 2509 1537 2568 νῦν
1567 2504 1889 2581 ,γεγονότων
1922 2503 2068 2584 ἔσχε
2092 2503 2189 2567 καὶ
2212 2503 2297 2568 σοὶ

289 2626 396 2690 καὶ
442 2625 832 2704 Συρακούσαις
882 2624 980 2688 καὶ
1026 2633 1142 2695 τοῖς
1188 2621 1390 2695 ἄλλοις
1431 2624 1744 2705 Ἕλλησιν,
1799 2624 1871 2694 ὡς
1919 2626 1952 2699 ἦ
2004 2623 2115 2700 ἐμὴ
2162 2620 2302 2698 δόξα

287 2742 672 2822 μαντεύεται.
764 2742 1068 2807 Ultimum
1128 2741 1278 2804 hoc:
1346 2744 1418 2813 ὡς
1489 2744 1522 2816 ἦ
1570 2742 1682 2819 ε’μῆ
1727 2734 1867 2817 δόξα
1912 2739 2296 2818 μαντεύεται,

287 2885 408 2947 pro
469 2910 509 2941 ‚,
530 2869 601 2925 ut
661 2884 772 2946 ego
835 2862 1106 2946 suspicor
1121 2860 1182 2938 ,'’
1237 2861 1362 2946 jam
1426 2881 1613 2945 supra
1670 2858 1912 2936 notavi,
1977 2882 2037 2944 p.
2090 2848 2192 2922 59.
2234 2860 2297 2942 ¹).

287 2981 462 3045 Huic
531 2982 726 3045 simile
800 2988 892 3044 est
943 2979 1101 3044 illud
1145 2981 1172 3044 ὅ
1233 2980 1371 3056 ἐμὸς
1432 2978 1607 3055 λόγος
1668 3000 1777 3063 pro
1824 2979 1969 3059 ἐγὼ,
2020 2976 2192 3061 quod
2239 2979 2305 3041 in

285 3101 556 3184 singulis
603 3100 872 3185 epistolis
918 3099 1124 3163 crebro
1171 3106 1263 3162 est
1306 3098 1573 3163 obvium.
1622 3096 1817 3182 Epist.
1851 3095 1981 3159 VII
1997 3146 2016 3175 ‚
2071 3121 2131 3182 p.
2176 3098 2305 3160 334

289 3218 365 3283 O.
403 3218 588 3282 VIII.
636 3240 695 3303 p.
746 3219 874 3281 354
923 3220 1008 3281 A:
1049 3218 1148 3282 καὶ
1184 3223 1278 3282 νῦν
1309 3219 1336 3283 ὅ
1372 3220 1436 3293 γ’
1458 3217 1594 3293 ἐμὸς
1624 3214 1797 3292 λόγος
1830 3213 1902 3279 ἂν
1933 3214 2015 3288 εἴη
2046 3212 2305 3291 ξύμβου-

287 3353 415 3409 λος.
477 3335 624 3400 ibid.
673 3334 742 3399 C.
835 3335 954 3399 Sed
999 3336 1439 3399 animadvertas
1458 3384 1477 3412 ,
1511 3355 1765 3419 quaese,
1796 3333 1953 3396 hanc
1984 3332 2303 3396 verborum

287 3462 701 3519 structuram:
749 3454 981 3537 φράζων
1031 3456 1134 3529 τὴν
1178 3440 1495 3529 οἰκειότητα
1508 3502 1527 3535 ,
1578 3450 1641 3529 ἣν
1688 3454 1735 3517 εἶ
1766 3451 1892 3530 ἐμοὶ
1922 3450 2057 3516 τότε
2087 3451 2306 3515 ἐπείθου

287 3596 432 3658 sqq.
509 3573 584 3636 In
644 3574 740 3637 his
799 3574 1062 3658 primum
1123 3573 1409 3636 vitiosum
1464 3579 1557 3635 est
1600 3568 1682 3647 ἣν.
1770 3569 1969 3634 Verbo
2016 3570 2301 3634 πείθεσθαι

365 3820 418 3879 1)
465 3818 684 3867 Ceterum
730 3816 926 3865 verbum
970 3817 1252 3881 μαντεύομαι
1298 3814 1619 3879 improbatum
1652 3830 1680 3863 a
1713 3813 1985 3871 Salomone,
2020 3827 2069 3875 p.
2104 3811 2166 3860 20
2181 3848 2195 3869 ,
2232 3810 2309 3859 de·

285 3913 453 3964 fendit
496 3914 798 3963 Hermannus
841 3910 1085 3976 (zeitschr.
1121 3910 1154 3959 f.
1189 3911 1442 3961 Alterthvv.
1482 3910 1625 3963 1837.
1662 3927 1709 3976 p.
1746 3908 1890 3970 274),
1924 3907 2174 3956 ostendens
2206 3921 2307 3955 ver-

285 4009 416 4057 bnm
461 4010 746 4075 μαντεύομαι
791 4022 818 4056 a
857 4006 1056 4056 Platone
1089 4020 1176 4070 pro
1210 4008 1446 4059 ὑπσπτεὺω
1477 4006 1662 4072 saepius
1696 4002 1911 4067 usurpari
1925 4040 1940 4062 ,
1974 4005 2029 4051 ut
2062 4002 2225 4066 Symp.
2258 4015 2307 4063 p.

293 4104 418 4153 192.
485 4105 635 4168 Atqui
680 4120 778 4153 non
815 4103 907 4152 hoc
951 4104 1022 4150 est
1063 4100 1190 4165 quod
1223 4101 1273 4150 in
1306 4102 1717 4166 reprehensionem
1755 4099 1911 4157 venit,
1946 4098 2026 4147 sed
2060 4097 2183 4161 quod
2219 4112 2306 4161 pro

287 4206 386 4267 ἑγὼ
419 4200 616 4263 ponitur
648 4206 676 4260 ἡ
708 4206 798 4265 ὁμὴ
830 4200 956 4257 δόξα.
