3025 5067
1619 415 1744 475 218

676 642 777 683 ore
824 630 1106 706 excepta,
1154 631 1365 685 notata
1411 632 1469 685 et
1515 623 1860 705 άγράφων
1905 622 2088 706 titulo
2121 621 2328 686 edita?
2375 621 2696 684 Posterius

674 762 882 803 verum
907 741 1164 825 ·opinor.
1262 740 1419 805 Nam
1482 742 1533 805 si
1594 744 1825 805 incerta
1886 750 1992 806 aut
2053 742 2204 805 falsa
2267 741 2558 818 fuissent,
2622 740 2696 803 id

676 860 883 943 fugere
931 860 1318 924 Aristotelem
1368 884 1489 925 non
1539 863 1774 946 potuit,
1825 871 1885 926 et
1929 862 2256 925 indicasset
2288 868 2448 924 certe
2479 860 2700 923 huius·

674 976 839 1039 modi
886 976 1110 1041 verbis:
1161 981 1219 1043 ἐν
1254 986 1372 1049 τοῖς
1412 980 1634 1057 ψευδῶς
1679 980 2010 1057 λεγομένοις
2047 979 2338 1061 ἀγράφοις
2377 979 2696 1055 δόγμασιν.

674 1096 858 1160 Recte
906 1120 1045 1161 vero
1108 1121 1178 1161 eo
1241 1120 1363 1183 quo
1410 1098 1538 1163 dixi
1587 1123 1767 1164 sensu
1816 1099 2050 1163 addidit
2096 1101 2178 1163 τά
2223 1100 2554 1176 λεγόμενα,
2603 1098 2698 1159 in-

673 1216 894 1297 scripta
933 1216 1047 1279 hoc
1094 1218 1310 1295 titulo,
1361 1240 1483 1301 quo
1532 1218 1832 1283 indicetur
1878 1219 2163 1302 dogmata
2206 1218 2315 1281 illa
2353 1219 2414 1282 in
2467 1216 2696 1281 scholis

673 1334 959 1420 explicita
1000 1358 1123 1400 non
1170 1338 1516 1401 memoriter
1547 1344 1786 1402 tantum
1835 1338 2074 1423 prodita
2119 1338 2222 1401 sed
2271 1339 2450 1401 etiam
2499 1337 2695 1401 literis

672 1462 883 1519 notata
950 1479 1109 1519 esse:
1189 1456 1353 1520 unde
1421 1457 1713 1535 efficitur,
1789 1458 2251 1521 commentarios
2320 1458 2435 1521 hoc
2503 1456 2696 1520 titulo

674 1574 1018 1638 Aristotelis
1066 1584 1335 1661 tempore
1381 1576 1700 1641 doctorum
1747 1578 1806 1640 in
1856 1577 2139 1641 manibus
2186 1577 2394 1640 fuisse.

761 1692 939 1757 Solus
1000 1694 1102 1757 hic
1163 1704 1253 1758 est
1318 1696 1664 1761 Aristotelis
1728 1696 1900 1759 locus
1948 1696 2054 1759 ubi
2103 1693 2364 1777 ἄγραφα
2409 1694 2697 1770 δόγματα

672 1812 1030 1877 nominatim
1078 1813 1363 1877 citantur.
1434 1813 1594 1877 Sunt
1641 1814 1744 1877 alii
1791 1813 2065 1878 eiusdem
2103 1814 2222 1878 loci
2262 1813 2369 1876 ubi
2414 1812 2697 1875 Platonis

676 1930 897 2015 placita
948 1954 1070 1995 non
1126 1956 1157 1995 e
1204 1934 1651 1997 commentariis
1673 1983 1688 2009 ‚
1739 1933 1843 1997 sed
1897 1956 1951 1997 e·
1984 1934 2260 2017 magistri
2313 1932 2698 1997 sermonibus

674 2051 1019 2114 memoriter
1047 2051 1235 2114 relata
1260 2060 1846 2129 commemorantum
1876 2052 2221 2116 cuiusmodi
2245 2060 2336 2115 est
2360 2050 2525 2135 quod
2549 2051 2700 2135 legi-

672 2178 776 2231 tur
822 2167 1096 2254 Metaph.
1124 2162 1187 2247 I,
1218 2152 1260 2233 ‘9
1282 2220 1299 2248 ,
1346 2194 1400 2255 p.
1438 2174 1565 2234 992
1594 2173 1678 2249 A,
1715 2172 1820 2235 ubi
1847 2194 2172 2256 corporum
2199 2170 2606 2234 dimensiones
2631 2177 2702 2233 et

675 2288 823 2351 elem
832 2297 973 2352 enta
996 2296 1271 2373 tangens„
1305 2291 1549 2371 στερεὸν,
1580 2290 1866 2368 ἐπίπεδον,
1892 2292 2196 2371 γραμμὴν,
2219 2291 2492 2366 στιγμὴν,
2516 2309 2700 2372 quae-

672 2408 755 2471 rit
800 2429 939 2471 cum
987 2408 1105 2471 alia
1148 2414 1283 2472 tum
1328 2408 1481 2471 hoc:
1531 2408 1616 2475 ἔτι
1666 2410 1727 2473 αἱ
1773 2408 2030 2486 στιγμαὶ
2077 2409 2141 2472 ἐκ
2181 2410 2329 2479 τίνος
2353 2405 2699 2485 ἐνυπάρξου-

674 2551 796 2602 cmg
855 2525 1037 2606 τούτῳ
1096 2528 1204 2601 μὲν
1264 2522 1354 2591 οὖν
1413 2530 1493 2607 τῷ
1554 2528 1707 2603 γένει
1764 2526 1862 2597 καὶ
1919 2527 2239 2607 διεμάχετο
2284 2526 2571 2607 Πλάτων,
2620 2527 2699 2595 ὥς

673 2644 788 2709 ὄντι
870 2647 1239 2726 γεωμετρικῷ
1300 2645 1595 2722 δόγματι,
1658 2647 1800 2709 άλλ’
1863 2644 2057 2710 ἐκάλει
2129 2645 2320 2724 άρχὴν
2387 2651 2698 2723 γραμμῆς.

674 2762 899 2829 Sensus
960 2772 1085 2840 est,
1134 2762 1454 2827 Platonem
1502 2764 1921 2847 quaestionem
1970 2762 2046 2827 (16
2091 2770 2311 2826 natura
2357 2768 2418 2825 et
2462 2761 2704 2845 origine

674 2890 779 2957 τῆς
840 2890 1131 2963 στιγμῆς,
1187 2883 1427 2964 puncti,
1476 2884 1798 2947 removisse
1845 2890 1916 2946 ut
1961 2881 2182 2966 dogma
2227 2879 2661 2966 geometricum
2679 2930 2699 2957 ,

675 3023 799 3064 non
868 3000 1382 3086 philosophicum.
1478 3001 1661 3087 Impf.
1731 3001 2052 3080 διεμάχετο
2123 3000 2426 3085 significat
2495 3022 2704 3081 repitq-

678 3142 821 3183 nare
862 3121 1080 3184 solebat
1094 3170 1112 3197 ,
1150 3142 1285 3203 ·quo
1331 3120 1640 3184 indicatur
1685 3120 1760 3184 ab
1794 3119 2122 3183 Aristotele
2152 3118 2253 3183 hic
2284 3118 2545 3202 intelligi
2578 3118 2705 3181 dis-

678 3238 1026 3323 putationes
1087 3238 1200 3302 hac
1260 3239 1335 3303 de
1398 3261 1461 3303 re
1531 3262 1567 3303 a
1611 3238 1868 3302 Platone
1914 3238 2152 3302 habitas
2212 3260 2364 3321 quas
2408 3237 2706 3303 memoria

683 3356 799 3421 sibi
848 3367 1235 3442 suggereret,
1284 3380 1407 3421 non
1452 3358 1681 3441 scripta
1728 3357 2032 3441 dogmata.
2063 3358 2111 3441 1)

769 3474 1001 3541 Verum
1058 3476 1133 3539 ad
1194 3474 1456 3555 ἄγραφα
1515 3475 1858 3539 referendas
1907 3474 2122 3560 opinor
2168 3474 2459 3555 διαιρέσεις
2480 3526 2497 3547 ,
2554 3497 2705 3557 qua-

678 3616 817 3658 rum
886 3602 947 3659 et
1014 3595 1090 3659 ab
1155 3594 1482 3659 Aristotele
1543 3566 1605 3659 et
1661 3596 1724 3658 in
1788 3594 2068 3679 Epistola
2117 3592 2282 3658 XIII
2329 3594 2400 3657 fit
2445 3593 2700 3658 mentio,

682 3712 1039 3777 Aristoteles
1108 3714 1183 3777 de
1245 3712 1528 3777 Generat.
1595 3722 1655 3777 et
1701 3712 1985 3797 Corrupt.
2042 3712 2144 3790 II,
2195 3715 2233 3776 3
2252 3762 2269 3789 ,
2318 3737 2379 3798 p.
2431 3714 2558 3776 330
2605 3712 2658 3775 Β
2673 3760 2699 3791 ,

681 3830 871 3895 tradit
915 3854 1117 3895 rerum
1163 3832 1460 3897 elementa
1502 3834 1577 3898 ab
1611 3833 1746 3897 aliis
1777 3855 1971 3897 unum
2005 3832 2230 3908 statui,
2265 3831 2339 3895 ab
2373 3830 2507 3894 aliis
2539 3830 2666 3894 duo
2682 3880 2702 3909 ,

684 3950 758 4014 ab
806 3950 939 4014 aliis
993 3951 1143 4028 tria,
1194 3958 1306 4015 cet.
1326 3978 1344 4028 3
1393 3953 1503 4037 qui
1548 3952 1672 4017 duo
1719 3959 1993 4038 ponunt,
2044 3951 2230 4028 dicit,
2281 3960 2350 4014 ut
2396 3948 2708 4013 Parmeni-

691 4118 949 4126 .-——--.
979 4120 1067 4126 “·-

754 4223 799 4281 1)
835 4222 941 4273 Vid.
977 4223 1388 4289 Trendelenburg,
1422 4225 1547 4274 libro
1573 4226 1707 4274 ·laud.
1743 4241 1792 4289 p.
1828 4225 1906 4273 66.
