3025 5067
1592 416 1711 477 166

638 623 957 686 itineribus
1005 623 1071 686 in
1117 622 1384 685 Siciliam
1433 621 1506 684 ab
1551 621 1815 705 Apuleio
1862 628 2223 698 narrantur,
2270 644 2454 704 ‚supra
2488 644 2523 682 a
2554 641 2660 681 no-

634 741 731 805 bis
789 741 1009 818 relata,
1073 741 1139 803 in
1203 741 1298 804 his
1360 739 1700 825 Speusippo
1764 747 2009 803 auctore
2072 762 2212 804 eum
2284 761 2463 802 usum
2526 759 2661 802 esse

609 859 774 943 ’quis
822 858 1071 923 credat?

729 977 914 1063 Apud
969 978 1312 1062 Diogenem
1358 977 1507 1041 haec
1551 976 1845 1061 legimuS‚
1892 976 1935 1040 l.
1969 975 2102 1053 III,
2152 978 2296 1062 ᾆδε
2332 977 2538 1041 ἔπειτα
2564 1000 2668 1054 γε·

640 1095 864 1173 νόμενος
927 1097 1070 1160 ὀκτὼ
1125 1095 1220 1160 καὶ
1269 1094 1470 1160 εἴκοσιν
1525 1093 1691 1171 ἐτῶν,
1734 1095 1886 1160 ‚exod
1932 1101 2111 1176 φησιν
2165 1095 2537 1176 Ἑρμόδωρος,
2584 1097 2665 1166 εἷς

641 1215 901 1296 Μέγαρα
963 1215 1098 1296 πρὸς
1159 1215 1472 1288 Εὐκλείδην
1526 1215 1629 1279 σὺν
1675 1212 1879 1286 ἄλλοις
1925 1214 2039 1278 τισὶ
2089 1221 2469 1295 Σωκρατικοῖς
2516 1215 2663 1278 οἷπε-

641 1334 899 1414 χώρησεν
926 1352 940 1367 ·
989 1335 1249 1397 κάκεῖθεν
1298 1334 1376 1403 εἷς
1424 1333 1687 1397 ’Ῑτοολίοιν
1733 1333 1870 1413 πρὸς
1913 1333 2047 1404 τοὺς
2085 1333 2505 1413 Πυθαγορικοὺς
2522 1382 2541 1415 ‚
2568 1341 2664 1397 Φι-

641 1451 853 1516 λόλοοον
899 1450 996 1515 ux}
1043 1451 1333 1530 Εὔρυτον·
1385 1451 1533 1516 ἔνθεν
1580 1454 1634 1515 τ’
1658 1451 1737 1522 εἷς
1794 1450 2098 1528 Αἴγυπτον
2144 1452 2309 1530 παρὰ
2360 1452 2492 1522 τοὺς
2533 1475 2665 1531 προ-

642 1571 842 1649 φήταις
870 1589 884 1605 ·
947 1567 1012 1634 οὗ
1073 1568 1227 1649 φασὶ
1287 1569 1386 1634 καὶ
1446 1570 1751 1650 Εὐριπίδην
1805 1572 1963 1651 αὐτῷ
2010 1573 2524 1644 συνακολουθῆσαι·
2554 1621 2567 1634 .
2597 1617 2612 1632 .
2646 1619 2661 1634 .

643 1689 840 1764 διέγνω
899 1688 964 1763 δὴ
1024 1689 1050 1752 ὂ
1117 1688 1372 1752 Πλάτων
1447 1689 1545 1753 καὶ
1606 1695 1723 1760 τοῖς
1777 1687 2015 1764 Μάγοις
2067 1686 2395 1769 συμμίξαι,
2445 1687 2540 1751 διὰ
2607 1686 2666 1750 δὲ

641 1807 772 1878 τοὺς
817 1817 920 1882 τῆς
967 1809 1175 1879 'Ao-lac,-
1221 1807 1509 1885 πολέμους
1555 1807 1787 1882 ἀπέστη
1814 1828 1829 1843 ·
1871 1808 2192 1871 ἐπανελθὼν
2230 1807 2278 1870 δ’
2300 1807 2380 1876 εἷς
2419 1806 2667 1880 Ἀθήνας

643 1925 918 2005 διέτριβεν
977 1926 1034 1990 ἕν
1096 1926 1447 2004 Ἀκαδημίᾳ.
1543 1926 1848 2010 Diogenes
1907 1933 2124 1989 testem
2176 1925 2275 1989 hic
2322 1925 2471 1988 citat
2516 1923 2667 1988 Her-

646 2044 1000 2122 modorum,
1049 2015 1417 2130 discipulum
1435 2095 1455 2122 ‚
1502 2052 1577 2108 ut
1620 2045 1826 2109 ferunt
1846 2095 1863 2122 ,
1900 2045 2194 2108 Platonis,
2226 2045 2272 2129 1)
2327 2043 2425 2108 Ne
2456 2051 2662 2108 tamen

647 2162 960 2226 credamus
1009 2185 1248 2226 omnem
1295 2163 1453 2227 hanc
1498 2163 1855 2228 relationem
1904 2163 2088 2227 huius
2136 2162 2485 2226 testimonio
2516 2163 2633 2226 niti
2643 2188 2662 2241 3

645 2279 709 2342 id
769 2279 865 2342 vel
921 2302 991 2342 eo
1037 2279 1461 2365 redarguitur,
1519 2280 1683 2365 quod
1731 2287 1793 2343 et
1838 2281 1904 2344 in
1951 2280 2315 2365 praegressis
2362 2287 2424 2344 et
2467 2281 2534 2344 in
2576 2303 2665 2343 se-

648 2398 978 2482 quentibus
1012 2406 1268 2483 usurpat
1297 2400 1502 2479 φασίν.
1554 2397 1919 2462 Hermodori
1950 2398 2369 2462 testimonium
2392 2407 2664 2483 spectare

646 2524 888 2580 tantum
941 2517 1184 2580 videtur
1231 2516 1306 2580 ad
1354 2517 1789 2602 profectionem
1835 2517 1900 2580 in
1948 2517 2160 2581 urbem
2208 2515 2489 2602 Megara,
2530 2517 2667 2581 reli·

647 2659 768 2719 qua
830 2646 901 2699 ut
944 2636 1110 2699 fama
1154 2636 1397 2720 prodita
1440 2637 1808 2700 referuntur.
1919 2629 2204 2703 Ceterum
2254 2649 2315 2700 et
2362 2637 2665 2720 Apuleius

647 2760 722 2837 (c.
788 2757 852 2838 4)
917 2762 978 2817 et
1036 2728 1317 2818 Laertius
1376 2756 1428 2839 (ᾧ
1494 2758 1598 2839 18)
1637 2755 1857 2819 itinera
1901 2756 1966 2818 in
2014 2754 2279 2819 Siciliam
2342 2756 2665 2840 separatim

647 2897 683 2936 a
750 2873 999 2956 reliquis
1068 2873 1389 2938 itineribus
1459 2882 1831 2952 memorant,
1910 2897 2036 2938 non
2113 2875 2457 2939 indicantes
2544 2897 2667 2958 quo

645 2977 826 3054 modo
888 2992 1036 3054 haec
1099 3013 1236 3055 cum
1294 2992 1414 3056 illis
1479 2993 1859 3057 cohaereant.
1954 2991 2030 3055 In
2098 2991 2415 3056 amborum
2463 3000 2667 3057 autem

648 3111 992 3175 narratione
1054 3111 1213 3180 inest
1281 3111 1489 3196 aliqua
1565 3111 1990 3196 discrepantia.
2082 3111 2431 3176 Secundum
2486 3111 2669 3176 Laer-

647 3230 802 3294 tium
864 3229 1041 3292 Plato
1104 3229 1364 3293 Athenis
1427 3253 1488 3294 se
1538 3230 1801 3294 contulit
1863 3230 2129 3314 primum
2191 3230 2442 3314 Megara
2458 3279 2477 3307 ‚
2532 3209 2667 3294 tum

649 3349 956 3433 Cyrenen,
1000 3347 1143 3411 inde
1173 3348 1236 3412 in
1269 3347 1546 3426 Italiam,
1581 3356 1885 3434 postremo
1916 3348 1983 3411 in
2016 3349 2386 3433 Aegyptum.
2444 3349 2669 3412 Secun-

646 3468 795 3531 dum
849 3466 1212 3551 Apuleium,
1262 3467 1371 3551 qui
1415 3465 1669 3552 Megara
1713 3489 1838 3530 non
1869 3474 2192 3544 memorat,
2218 3467 2488 3552 primum
2512 3468 2665 3531 adiit

647 3586 923 3661 Italiam,
973 3583 1192 3649 deinde
1239 3585 1517 3670 Cyrenen
1564 3594 1623 3649 et
1670 3565 2019 3671 Aegyptum
2036 3636 2054 3664 ,
2098 3593 2405 3674 postremo
2445 3586 2667 3650 iterum

645 3705 908 3769 Italiam.
999 3703 1305 3790 Diogenes
1353 3707 1468 3769 etsi
1513 3706 1775 3770 alterum
1826 3706 1943 3769 iter
1986 3705 2052 3768 in
2097 3704 2344 3771 Italiam
2392 3727 2517 3769 non
2549 3727 2668 3769 me-

717 3919 767 3978 l)
803 3917 1072 3981 Simplicius
1121 3918 1180 3966 ad
1225 3917 1428 3966 Aristot·
1479 3917 1671 3982 Physic'.
1719 3917 1801 3967 lib.
1832 3919 1878 3977 1,
1917 3934 1963 3981 p.
1983 3920 2080 3966 344
2114 3917 2318 3965 Brand.:
2352 3919 2376 3966 ὁ
2412 3915 2666 3984 Πορφὺριος

651 4019 825 4083 ἱστορεῖ
857 4017 932 4064 τὸν
963 4015 1345 4090 Δερκυλλίδην..;
1411 4012 1771 4083 Ἑρμοδώρου
1801 4019 1897 4064 τοῦ
1930 4017 2225 4070 Πλάτωνος
2268 4015 2502 4079 ἑταιροῦ
2542 4011 2663 4068 λέξιν

651 4114 972 4179 παραγράφειν
1005 4113 1096 4161 κτὲ.
1166 4110 1243 4158 Cf.
1279 4109 1446 4158 Suidas
1477 4109 1530 4158 in
1568 4126 1610 4158 v.
1630 4113 1817 4175 λόγοισιν
1843 4094 2145 4178 Ἐρμὶόδωρος.
2183 4108 2283 4157 Cic.
2302 4108 2455 4173 Epist.
2478 4104 2537 4154 ad
2556 4107 2663 4154 Att.

654 4205 804 4265 XIII,
842 4205 920 4255 21.
