3025 5067
1604 419 1725 478 184

655 626 994 704 ξύμπαντος
1059 628 1178 703 πέρι
1239 626 1335 689 καὶ
1401 628 1455 690 ἐν
1519 632 1750 707 ψυχαῖς
1800 627 1954 700 ἤθους
1976 673 1993 702 ,
2043 623 2140 687 καὶ
2190 623 2314 701 περὶ
2364 623 2674 697 ποιήματα

561 743 614 806 Ε
658 744 756 807 καὶ
818 745 1150 821 παθήματα
1204 744 1566 820 ξύμπαντα.
1629 745 1689 808 οὐ
1752 743 1901 821 γάρ,
1946 740 2018 806 ἄν
2063 741 2276 806 τούτων
2320 742 2406 815 μή
2451 765 2539 810 τις
2585 739 2672 802 τα

347 1253 406 1314 p.
458 1231 606 1292 343.

655 859 912 941 τέτταρα
968 862 1132 941 λάβῃ
1190 863 1560 939 ἁμωσγέπως
1580 914 1598 937 ,
1666 862 1875 926 οὔποτε
1937 861 2146 930 τελέως
2201 861 2522 935 ἐπιστήμης
2572 864 2678 922 τοῦ

619 1011 624 1016 ·
657 982 928 1058 πέμπτου
973 982 1227 1061 μέτοχος
1272 982 1438 1047 ἔσται
1463 1031 1479 1047 .
1527 982 1661 1060 πρὸς
1708 982 1827 1062 γαρ
1857 982 2075 1052 τούτοις
2099 977 2271 1044 ταῦτ’
2297 979 2341 1062 1)
2364 979 2481 1057 οὐχ
2504 973 2677 1049 ἧττον

655 1103 940 1182 ἐπιχειρεῖ
991 1100 1057 1165 τὸ
1115 1101 1271 1165 ποῖόν
1315 1125 1372 1164 τι
1418 1100 1543 1179 περὶ
1590 1097 1833 1164 ἕκαστον
1878 1101 2081 1172 δηλοῦν
2128 1099 2168 1180 ἢ
2206 1098 2273 1162 τὸ
2320 1095 2376 1161 ὃν
2421 1097 2673 1161 ἑκάστου

656 1219 749 1282 δια
793 1221 858 1282 τὸ
905 1225 1015 1282 τῶν
1061 1219 1250 1295 λόγων
1293 1217 1525 1296 άσθενές
1554 1267 1568 1281 .
1618 1214 1688 1282 ὧν
1734 1215 1903 1282 ἕνεκα
1948 1224 2069 1282 νοῦν
2114 1217 2266 1296 ἔχων
2312 1215 2487 1287 οὐδεὶς
2534 1234 2672 1278 το).-

654 1339 826 1414 μήσει
889 1340 1015 1402 ποτ’
1072 1338 1149 1409 εἷς
1215 1337 1358 1402 αὐτὸ
1411 1335 1620 1403 τιθέναι
1680 1338 1761 1402 τα
1806 1337 2112 1413 νενοημένα
2161 1337 2257 1399 ὑπ’
2304 1338 2483 1400 αὐτοῦ
2502 1387 2520 1408 ,
2570 1335 2672 1398 καὶ

655 1457 828 1518 ταῦτ’
893 1456 971 1525 εἷς
1033 1456 1482 1532 ἀμετακίνητον,
1510 1459 1561 1540 2)
1626 1454 1653 1521 ὃ
1716 1458 1781 1530 δη
1806 1498 1811 1503 -
1841 1458 2070 1535 πάσχει
2143 1456 2224 1519 τα
2270 1453 2672 1532 γεγραμμένα

655 1575 889 1644 τύποις.
946 1580 1112 1638 τοῦτο
1174 1575 1232 1638 δὲ
1293 1575 1472 1640 πάλιν
1534 1573 1611 1639 αὖ
1667 1577 1731 1640 τὸ
1789 1581 1883 1640 νῦν
1939 1573 2252 1650 λεγόμενον
2299 1574 2387 1637 δεῖ
2424 1573 2633 1649 μαθεῖν
2656 1621 2671 1636 .

658 1693 864 1766 κύκλος
910 1692 1152 1765 ἕκαστος
1197 1700 1308 1758 τῶν
1345 1696 1400 1758 ἕν
1444 1703 1580 1767 ταῖς
1626 1694 1867 1776 πράξεσι
1886 1693 1933 1778 3)
1971 1693 2353 1774 γραφομένων
2378 1692 2529 1766 ἢκαὶ
2554 1716 2679 1771 τορ-

654 1812 947 1875 νευθέντων
1007 1815 1220 1889 μεστὸς
1253 1819 1378 1878 -τοῦ
1440 1815 1693 1878 ἐναντίου
1754 1812 1877 1878 ἐστὶ
1934 1816 2013 1894 τῷ
2060 1813 2315 1892 πέμπτῳ
2340 1833 2354 1847 ·
2402 1818 2503 1876 τοῦ
2551 1811 2676 1890 γὰρ

654 1930 834 2000 εὐθέος
895 1930 1236 2010 ἐφάπτεται
1281 1932 1475 2012 πάντη
1499 1953 1513 1966 ·
1566 1932 1740 2003 αὐτὸς
1787 1933 1875 2008 δέ,
1922 1931 2126 2012 Φαμὲν
2142 1980 2159 2012 ,
2210 1931 2237 1995 o‘
2283 1930 2491 2000 κύκλος
2540 1929 2679 1994 οὐτε

653 2071 710 2112 τι
772 2049 1129 2127 σμικρότερον
1188 2049 1318 2114 οὔτε
1372 2050 1565 2130 μεῖζον
1608 2057 1713 2122 τῆς
1760 2050 2024 2122 ἐναντίας
2072 2050 2199 2128 ἔχει
2245 2050 2303 2112 ἑν
2349 2049 2508 2128 αὐτῷ
2553 2049 2673 2126 Φύ-

653 2189 794 2236 σεως
823 2215 837 2230 .
900 2165 1080 2243 ὄνομά
1137 2169 1192 2230 τ’
1252 2170 1440 2232 αὐτῶν
1496 2168 1699 2250 φαμὲν
1762 2169 1912 2232 οὐδὲν
1968 2167 2140 2232 οὐδενὶ
2189 2167 2436 2244 βέβαιον
2482 2161 2627 2230 εἶναι
2652 2186 2671 2202 ·

560 2293 612 2368 Β
657 2285 863 2348 κωλύει
885 2287 938 2367 4)
999 2284 1047 2348 δ’
1069 2285 1220 2349 οὐδὲν
1279 2286 1360 2350 τοὶ
1423 2293 1517 2351 νῦν
1578 2287 1925 2363 στρογγύλα
1985 2284 2323 2360 καλούμενα
2368 2285 2533 2350 εὐθέα
2579 2309 2673 2348 κε-

653 2403 929 2485 κλῆσθαι,
992 2403 1072 2467 τά
1133 2407 1187 2468 τ’
1221 2405 1388 2468 εὐθέα
1454 2405 1521 2480 δὴ
1583 2406 1929 2485 στρογγύλα
1945 2414 1970 2487 ,’
2012 2405 2110 2469 καὶ
2157 2404 2307 2469 οὐδὲν
2354 2399 2523 2479 ἦττον
2566 2402 2672 2478 βε-

653 2523 840 2600 βαίως
885 2519 1029 2598 ἕξειν
1073 2530 1191 2593 τοῖς
1237 2524 1647 2602 μεταθεμένοις
1689 2524 1785 2587 καὶ
1828 2515 2093 2594 ἐναντίως
2123 2529 2407 2588 καλοῦσι.
2434 2524 2531 2586 καὶ
2558 2524 2679 2600 μὴν

589 2668 594 2672 ·
656 2642 780 2720 περὶ
826 2640 1005 2718 λόγου
1067 2642 1129 2715 γ’
1178 2641 1202 2701 5
1249 2640 1423 2712 αὐτὸς
1469 2641 1644 2714 λόγος
1662 2691 1680 2723 ,
1729 2640 1885 2720 εἴπερ
1924 2640 1989 2717 ἐξ
2026 2641 2315 2719 ὀνομάτων
2354 2642 2451 2704 καὶ
2492 2639 2675 2720 ῥημά-

653 2782 767 2823 των
797 2756 1138 2839 σύγκειται,
1182 2758 1355 2836 μηδὲν
1387 2759 1592 2830 ἱκανῶς
1623 2758 1866 2837 βέβαιον
1898 2755 2039 2823 εἶναι
2062 2810 2075 2824 .
2102 2763 2153 2842 5)
2183 2763 2375 2838 μυρίος
2408 2759 2465 2821 δὲ
2499 2757 2677 2834 λόγος

655 2874 730 2942 αὐ
768 2876 893 2956 περὶ
933 2875 1178 2941 ἑκάστου
1215 2883 1325 2941 τῶν
1361 2876 1688 2956 τεττάρων,
1736 2880 1809 2949 ὡς
1852 2878 2089 2959 άσαφές
2118 2896 2133 2910 ·
2166 2878 2233 2942 τὸ
2270 2877 2329 2940 δὲ
2360 2875 2675 2959 μέγιστον,

655 2993 789 3076 ὅπερ
834 2994 1067 3072 εἴπομεν
1112 2994 1305 3073 ὀλίγον
1345 2996 1658 3074 ἔμπροσθεν
1676 3048 1693 3071 ,
1734 2994 1818 3060 ὅτι
1858 2996 2003 3060 δυοῖν
2036 2995 2209 3061 ὄντοιν
2226 3049 2242 3070 ,
2282 3003 2384 3062 τοῦ
2428 3000 2484 3061 τ’
2518 2995 2671 3068 ὄντος

563 3121 612 3183 G
657 3113 754 3176 καὶ
809 3118 910 3177 τοῦ
957 3118 1113 3178 ποιοῦ
1157 3113 1340 3189 τινός,
1387 3116 1448 3179 οὐ
1494 3114 1560 3178 τὸ
1609 3114 1763 3180 ποῖόν
1808 3139 1901 3197 τι,
1949 3117 2015 3180 τὸ
2060 3115 2119 3178 δὲ
2163 3117 2223 3180 τί
2265 3114 2539 3196 ζητούσης
2594 3117 2671 3179 εἶ-

655 3231 804 3296 δέναι
865 3240 969 3306 τῆς
1015 3239 1222 3313 ψυχῆς
1238 3283 1254 3314 ,
1305 3233 1372 3297 τὸ
1416 3237 1501 3310 μη
1548 3233 1885 3314 ζητούμενον
1934 3231 2177 3300 ἕκαστον
2222 3241 2333 3299 τῶν
2376 3236 2671 3314 τεττάρων

725 3588 770 3648 l)
804 3587 860 3635 In
909 3587 984 3635 his
1035 3585 1215 3644 vel-bie,
1261 3591 1374 3653 πρὸς
1418 3592 1517 3656 γὰρ
1561 3589 1738 3645 τούτοις
1782 3586 1941 3652 ταῦτ’,
1981 3589 2152 3638 vitium
2186 3589 2431 3638 inhaerere
2467 3589 2671 3638 videtur.

658 3682 969 3731 Commodum
1005 3681 1235 3731 medelam
1269 3698 1364 3730 non
1400 3681 1553 3730 video.

726 3779 776 3837 2)
812 3776 1045 3826 Nonnulli
1090 3776 1201 3825 libri
1236 3780 1594 3842 εὐμετακίνητον.
1661 3775 1873 3827 Alteram
1920 3779 2174 3830 lectionem
2210 3781 2442 3844 praetuli;
2478 3781 2673 3846 respicit

657 3873 818 3921 locum
852 3889 876 3922 e
911 3872 1158 3931 Phaedro,
1194 3888 1242 3936 p.
1277 3872 1371 3924 275
1411 3874 1482 3931 D,
1520 3889 1661 3936 quem
1696 3873 1818 3922 infra
1853 3875 2001 3934 daho,
2041 3891 2086 3938 p.
2122 3876 2219 3924 204
2254 3892 2331 3938 sq.

725 3967 772 4026 3)
806 3967 930 4015 Mire
955 3966 1133 4015 dict-um
1171 3969 1322 4025 κύκλος
1353 3978 1442 4019 τῶν
1472 3973 1519 4018 ἕν
1550 3978 1652 4027 ταῖς
1683 3969 1881 4036 πράξεσι
1914 3985 2001 4034 pro
2036 3971 2215 4019 circulo
2248 3987 2391 4020 mauu
2428 3973 2554 4020 facto
2592 3973 2668 4022 vel
