3025 5067
1288 382 1415 445 225

342 597 443 659 tos
459 640 479 669 ,
541 590 768 675 quibus
812 589 1271 655 continerentur
1312 588 1558 653 decreta
1603 597 1664 653 et
1709 589 2092 654 definitiones
2138 614 2170 655 e
2225 589 2360 655 Pla-

340 709 509 773 tonis
553 710 679 774 sive
724 708 949 775 scholis
993 709 1119 773 sive
1164 707 1423 793 dialogis
1483 707 1837 793 depromta3
1885 709 2106 773 horum
2157 718 2358 775 autem

344 828 919 895 commentariorum
980 828 1176 893 simile
1234 828 1429 893 fatum
1482 827 1672 892 fuisse
1735 850 1804 892 ac
1850 834 1961 894 τῶν
2007 829 2324 911 διαιρέσεων
2338 878 2356 913 ,

344 968 503 1031 quae
517 996 536 1024 ,
607 955 677 1011 ut
737 946 919 1011 modo
968 946 1229 1013 vidimus
1244 997 1264 1027 ,
1313 948 1437 1012 cito
1481 955 1862 1013 evanuerunt
1905 947 2092 1032 inque
2139 969 2352 1013 eorum

344 1065 550 1129 locum
610 1064 829 1131 deinde
876 1066 1083 1151 spuria
1134 1066 1453 1152 supposita
1498 1074 1680 1144 sunt,
1731 1087 1890 1151 quae
1934 1065 2184 1131 tandem
2230 1066 2362 1150 ipsa

346 1207 591 1271 quoque
636 1184 703 1252 in
744 1184 1111 1251 oblivionem
1156 1192 1473 1251 venerunt.

439 1302 723 1368 Ceterum
780 1302 1197 1389 Epistularum
1260 1304 1378 1367 loci
1439 1304 1503 1367 in
1565 1303 1662 1367 his
1723 1302 2028 1391 capitibus
2091 1325 2127 1366 a
2184 1303 2364 1367 nobis

344 1422 625 1501 tractati,
695 1422 771 1487 de
838 1422 1125 1501 scientia,
1196 1421 1272 1488 de
1340 1421 1817 1509 philosophandi
1863 1398 2218 1501 ”methodm
2289 1422 2365 1487 de

345 1541 679 1627 sapientiae
726 1542 959 1605 arcanis
975 1590 996 1620 ,
1064 1541 1382 1605 manifeste
1446 1549 1718 1625 arguunt
1763 1541 2118 1625 scriptorem
2163 1540 2367 1605 Plato-

346 1661 489 1725 nica
534 1659 780 1744 quidem
823 1660 1085 1725 lectione
1127 1661 1393 1725 tinctum
1440 1666 1501 1723 et
1547 1658 1918 1738 coloratum,
1992 1660 2096 1724 sed
2142 1661 2365 1724 mentis

351 1780 485 1844 eius
531 1787 592 1843 et
637 1779 947 1844 doctrinae
992 1788 1327 1864 expertem,
1376 1778 1715 1843 disserendi
1759 1778 1973 1844 rudem
1991 1828 2011 1858 ,
2061 1780 2364 1864 specimen

353 1897 615 1981 denique
661 1897 925 1962 hominis
935 1947 955 1977 ,
1004 1897 1246 1982 qualem
1291 1898 1421 1982 ipse
1459 1896 1747 1962 describit
1777 1896 1915 1983 (Ep.
1949 1896 2110 1975 VII,
2144 1921 2203 1982 p.
2233 1900 2360 1961 343

226 2097 233 2101 -
354 2017 460 2103 Ε),
508 2018 616 2101 qui
660 2016 939 2081 videatur
968 2018 1143 2097 μηδὲν
1172 2017 1513 2095 γιγνώσκειν
1545 2013 1616 2081 ὦν
1647 2015 1720 2081 ἂν
1750 2017 2015 2096 ἐπιχειρῇ
2046 2017 2300 2096 γράφειν
2331 2017 2364 2093 ἢ

351 2136 568 2212 λέγειν.
659 2135 829 2199 Haec
874 2138 1022 2199 satis
1067 2136 1266 2201 valere
1313 2136 1541 2221 opinor,
1569 2134 1644 2199 ad
1685 2134 2124 2220 reprobandam
2155 2157 2364 2200 eorum

353 2256 730 2339 opinionem,
778 2256 888 2339 qui
924 2254 1265 2341 Epistulam
1296 2253 1425 2319 VII
1459 2254 1644 2319 alicui
1679 2254 1949 2319 Platonis
1978 2255 2370 2319 familiarium

352 2374 451 2439 vel
496 2373 939 2459 discipulorum
954 2422 975 2453 ,
1022 2372 1364 2461 Speusippo
1383 2424 1403 2451 ‚
1444 2372 1775 2437 Xenocrati
1792 2423 1811 2451 ‚
1853 2373 2028 2437 aliive
2061 2375 2191 2437 eius
2217 2382 2374 2437 aeta-

349 2493 431 2559 tis
480 2492 945 2579 adjudicandam
994 2514 1123 2557 esse
1168 2493 1404 2577 opinati
1452 2498 1617 2557 sunt.

2062 4286 2136 4341 15
