3025 5067
1271 402 1391 461 231

322 606 597 685 videtur,
662 628 856 691 quum
912 607 1160 672 scribit:
1228 603 1390 681 ἦλθον
1454 610 1563 673 ὑπὸ
1608 610 1912 689 τυραννίδα
1956 612 2230 675 δοκοῦσαν
2274 613 2337 676 οὐ

322 724 555 804 πρέπειν
592 733 710 798 τοῖς
741 727 897 803 ἐμοῖς
928 727 1124 803 λόγοις
1155 728 1267 791 οὐδ’
1290 728 1418 804 ἐμοί
1446 729 1528 811 (p.
1557 730 1684 791 329
1712 728 1808 811 B).
1858 728 2141 813 Plerique
2175 729 2337 793 enim

322 844 433 926 qui
498 843 669 909 illam
730 844 935 909 aulam
981 844 1233 910 adibant
1276 845 1342 909 id
1404 845 1706 911 faciebant
1750 845 1907 910 lucri
1953 845 2050 909 vel
2098 845 2335 910 delicia·

322 984 459 1027 rum
506 962 793 1048 cupidine
842 964 1118 1049 pellecti,
1166 987 1199 1028 e
1246 986 1369 1048 quo
1416 987 1637 1049 genere
1667 964 1921 1029 fuerunt
1951 965 2304 1051 Aristippus
2317 1015 2337 1044 ,

322 1080 658 1161 Philistus,
691 1082 1067 1148 Philoxenus
1104 1084 1187 1169 ¹),
1236 1085 1340 1149 alii
1355 1112 1374 1163 ;
1421 1107 1574 1148 num
1619 1084 1970 1148 mirandum
2015 1084 2068 1147 si
2099 1084 2175 1147 de
2205 1083 2340 1147 Pla-

324 1207 468 1265 tone
536 1199 783 1265 eandem
856 1201 1163 1267 habebant
1230 1202 1582 1287 opinionem
1650 1224 1722 1267 ac
1787 1225 2005 1289 parum
2066 1202 2339 1267 honestis

327 1320 525 1384 causis
568 1319 789 1385 itinera
832 1320 940 1385 illa
983 1321 1379 1387 tribuebant?
1470 1321 1752 1387 Fuerunt
1797 1321 1906 1406 qui
1956 1342 2098 1385 eum
2143 1321 2207 1385 in
2254 1319 2343 1384 Si-

326 1437 529 1503 ciliam
572 1439 914 1525 profectum
960 1462 1089 1506 esse
1136 1440 1411 1505 dicerent
1449 1440 1546 1507 ἐπὶ
1593 1440 1862 1521 χρήμασι
1910 1438 2008 1504 καὶ
2055 1437 2340 1521 τραπέζῃ,

327 1565 398 1621 ut
462 1565 669 1623 narrat
712 1558 1112 1637 Themistius,
1162 1559 1333 1624 Orat.
1382 1558 1612 1638 XVII,
1679 1582 1740 1645 p.
1790 1561 1916 1623 215
1943 1559 2026 1643 2),
2075 1558 2179 1623 cui
2221 1558 2343 1645 ipsi

325 1677 760 1761 vituperationi
818 1679 1190 1763 respondent
1256 1680 1439 1749 verba
1502 1679 1703 1765 Epist.
1753 1678 1881 1743 VII
1897 1729 1917 1758 ‚
1965 1703 2026 1765 p.
2077 1681 2204 1743 326
2253 1678 2342 1742 B:

328 1794 566 1861 ἐλθόντα
608 1794 667 1861 δέ
712 1798 781 1873 μ’
830 1797 857 1861 ὅ
900 1796 1091 1879 ταύτῃ
1133 1798 1449 1877 λεγόμενος
1507 1792 1586 1862 αὖ
1644 1797 1772 1876 βίος
1817 1796 2135 1875 εὐδαίμων,
2190 1798 2343 1861 Ἰτα-

327 1919 597 1979 λιωτικῶν
647 1938 715 1979 τε
774 1915 871 1979 ³⁶oe)
920 1917 1281 1995 Συρακοσίων
1340 1916 1640 1998 τραπεζῶν
1687 1916 1940 1999 πλήρης,
1985 1915 2209 1995 οὐδαμῇ
2254 1915 2342 1979 οὖ-

330 2034 523 2111 δοιμῶς
586 2034 795 2114 ἤρεσεν.
859 2010 1035 2099 ιΝοιι
1098 2035 1229 2100 sine
1293 2051 1477 2101 causa
1539 2034 2057 2120 syracusanarum
2118 2054 2348 2097 mensa-

328 2176 465 2217 rum
512 2152 890 2238 opulentiam
934 2154 1024 2219 ibi
1053 2161 1180 2219 tam
1212 2154 1423 2220 acerbe
1454 2162 1661 2233 notat,
1710 2153 1819 2219 sed
1853 2152 2019 2218 haud
2049 2124 2237 2218 dubie
2269 2149 2346 2215 ad

331 2272 629 2357 malignos
672 2296 947 2338 rumores
976 2275 1242 2359 respexit
1256 2325 1275 2354 ‚
1324 2282 1397 2339 ut
1436 2272 1925 2339 animadversum
1967 2278 2060 2336 est
2090 2272 2165 2337 ab
2197 2270 2350 2335 Her-

330 2414 555 2457 manno
614 2393 681 2457 in
740 2392 896 2457 libro
956 2393 1124 2459 laud.
1192 2417 1255 2480 p.
1324 2396 1470 2458 116.
1580 2394 1708 2457 Alii
1755 2415 1896 2457 eum
1940 2391 2098 2457 lucri
2143 2389 2348 2455 studio

332 2511 591 2577 ductum
618 2512 806 2577 fuisse
836 2512 1225 2591 dictitarunt,
1260 2522 1582 2601 arguentes
1611 2512 1906 2579 nimirum
1937 2510 2103 2595 quod
2127 2510 2345 2575 Dionis

331 2630 621 2716 impensis
666 2632 1012 2717 choregiam
1059 2633 1461 2719 praestitisset
1506 2630 1845 2717 (Plutarch.
1910 2630 2098 2695 Arist.
2148 2652 2199 2694 c.
2245 2630 2344 2715 1),

334 2749 429 2814 vel
476 2749 642 2833 quod
678 2749 866 2815 libros
904 2751 1147 2815 emisset
1184 2752 1444 2837 pecunia
1480 2774 1517 2815 a
1537 2750 1835 2835 Dionysio
1866 2754 2113 2834 accepta
2158 2746 2344 2832 (Gell.

335 2865 419 2931 N.
467 2869 543 2933 A.
590 2867 726 2947 III,
778 2871 903 2955 17).
965 2868 1141 2934 Hanc
1189 2891 1436 2955 quoque
1480 2868 1848 2935 calumniam
1894 2866 2174 2953 Epistola
2217 2863 2347 2930 VII

337 2985 581 3073 repellit
594 3036 613 3065 ‚
682 2986 793 3053 ubi
867 2988 1127 3075 legimus
1186 2986 1508 3053 Platonem
1582 2987 1906 3073 pecuniam
1967 2992 2028 3051 et
2088 2986 2348 3049 honores

341 3128 377 3170 a
433 3112 693 3191 tyranno
754 3106 871 3171 sibi
930 3106 1135 3172 oblata
1193 3108 1488 3194 sprevisse
1565 3114 1628 3173 et
1687 3105 1988 3171 amicitiae
2049 3107 2153 3192 jus
2200 3125 2349 3168 auro

342 3226 599 3291 vendere
642 3226 939 3305 noluisse,
987 3250 1048 3313 p.
1082 3229 1212 3292 334
1243 3226 1337 3294 B:
1386 3226 1547 3310 φημὶ
1593 3226 1713 3308 γὰρ
1757 3226 2011 3291 κάκεῖνον
2057 3224 2350 3299 Ἀθηναῖον

339 3340 482 3409 εἶναι
498 3394 518 3429 ,
572 3342 633 3417 ὃς
677 3346 740 3410 οὔ
785 3345 1071 3428 προῦδωκε
1113 3346 1210 3412 τὸν
1254 3347 1431 3413 αὐτὸν
1473 3351 1673 3411 τοῦτον
1718 3343 1961 3430 (Δίωνοο)
1976 3392 1996 3427 ,
2043 3340 2163 3419 ἐξὸν
2207 3342 2354 3423 χρή·

342 3487 517 3540 μοις-οι
548 3465 645 3529 καὶ
693 3461 892 3537 ἄλλοις
928 3465 1109 3543 τιμὰς
1155 3456 1385 3537 πολλὰς
1415 3462 1771 3545 λαμβάνειν.
1848 3462 2023 3526 Idem
2052 3460 2120 3526 in
2149 3459 2350 3544 Epist.

343 3581 483 3661 III,
558 3605 617 3667 p.
697 3584 825 3646 318
902 3582 996 3661 1),
1075 3583 1301 3648 dicitur
1360 3583 1456 3649 his
1526 3582 1762 3648 verbis:
1830 3581 2007 3651 κακὸς
2092 3579 2210 3659 γὰρ
2277 3576 2353 3643 ἂν

342 3698 543 3783 ἔχοντί
602 3725 679 3780 γε
738 3707 862 3767 νοῦν
919 3702 1075 3784 ἀνδρὶ
1130 3703 1442 3786 φαινοίμην
1500 3702 1722 3775 ἐνδίκως
1739 3752 1760 3777 ,
1805 3699 2053 3771 πεισθεὶς
2099 3700 2206 3765 ὑπὸ
2250 3702 2354 3765 τοῦ

415 3933 464 3995 1)
499 3932 571 3981 De
618 3930 871 3981 Philoxeni
922 3932 1299 4005 commoratione
1344 3932 1472 3999 apud
1515 3930 1803 3996 Dionysium
1838 3927 2057 3979 videatur
2099 3924 2262 3975 Schol.
2297 3924 2358 3974 ad

348 4026 597 4091 Aristoph.
634 4026 859 4087 Plutum,
894 4043 963 4078 vs.
999 4028 1113 4078 290.

417 4124 465 4187 2)
501 4123 637 4173 Idem
694 4126 933 4173 testantur
988 4124 1194 4190 scriptor
1236 4124 1391 4190 Epist.
1440 4123 1659 4187 Xenoph.
1711 4122 1756 4172 1.
1806 4121 2049 4185 ceterique
2103 4118 2358 4183 scriptores

352 4235 473 4285 quos
503 4218 716 4271 laudavit
750 4219 1014 4269 Hermann.
1048 4220 1101 4271 11.
1132 4236 1182 4286 p.
1221 4220 1343 4281 116,
1377 4224 1479 4271 not.
1517 4220 1629 4270 133.
2221 4214 2228 4219 '
