3025 5067
1292 435 1415 496 241

439 635 505 702 Si
563 645 727 703 aetas
750 662 979 715 ,earum
1025 648 1087 705 et
1153 641 1324 726 origo
1371 643 1685 733 quaeritur
1699 692 1718 722 ,
1775 666 1808 707 e
1860 643 2225 729 scriptorum
2275 654 2361 709 te·

352 759 650 825 stimoniis
712 757 1013 845 probabili
1055 760 1293 825 ratione
1336 760 1546 846 colligi
1591 768 1794 848 potest
1839 784 1939 827 eas
1954 811 1973 841 ,
2032 784 2142 848 pro
2187 769 2358 848 parte

351 879 566 945 saltem
581 929 601 958 ,
657 880 783 965 jam
844 878 1241 965 Aristophani
1293 882 1686 967 grammatico
1751 882 2092 947 innotuisse
2169 890 2355 967 atque

348 998 499 1064 adeo
546 1007 687 1065 ante
730 998 1001 1065 medium
1048 999 1359 1065 saeculum
1402 999 1509 1065 III
1556 1024 1610 1065 a.
1659 1000 1728 1065 G.
1777 1003 2098 1067 exstitisse.

438 1121 888 1203 Argumentum
909 1169 929 1198 ,
1014 1120 1372 1205 compositio
1388 1170 1408 1198 ,
1478 1121 1674 1185 oratio
1741 1120 2136 1206 epistolarum
2207 1121 2362 1185 eius-

349 1238 515 1303 modi
582 1247 763 1317 sunt,
834 1260 991 1324 quae
1036 1238 1534 1305 declamatorium
1580 1239 1824 1304 dicendi
1871 1262 2060 1325 genus
2113 1248 2176 1305 et
2228 1240 2360 1305 rhe-

348 1358 599 1422 toricam
684 1357 1042 1443 palaestram
1118 1358 1454 1424 redoleant.
1582 1357 1701 1423 Res
1789 1382 1946 1444 quae
2019 1365 2360 1424 tractantur

347 1477 575 1541 fictioni
632 1478 839 1563 potius
901 1500 1085 1562 quam
1139 1478 1380 1543 veritati
1441 1478 1668 1543 similes
1684 1527 1703 1557 ,
1753 1477 2000 1543 exordia
2046 1468 2324 1563 quaesita
2339 1529 2356 1557 ‚

345 1594 563 1680 longae
631 1603 692 1661 et
759 1597 1000 1662 crebrae
1072 1598 1441 1683 egressiones
1464 1647 1483 1675 ,
1565 1597 1753 1683 panni
1835 1598 2040 1682 inepte
2125 1599 2316 1662 assuti
2339 1649 2357 1676 ,

347 1716 705 1801 compositio
760 1715 1085 1781 artificiosa
1127 1740 1239 1781 nec
1284 1718 1598 1803 proposito
1632 1724 1770 1803 apte
1802 1739 2162 1803 congruens.
2214 1716 2363 1782 Ora—

346 1836 433 1898 tio
466 1836 543 1899 ad
572 1834 847 1901 Platonis
879 1834 1223 1921 exemplum
1254 1836 1660 1916 conformata,
1703 1835 1810 1901 sed
1839 1838 1961 1916 ita,
1995 1844 2067 1900 ut
2097 1835 2359 1921 diligens

348 1962 652 2041 spectator
679 1956 860 2020 facile
890 1956 1165 2021 fucatum
1196 1956 1488 2034 nitorem,
1523 1978 1650 2021 non
1680 1956 2021 2021 naturalem
2053 1962 2362 2041 agnoscat.

349 2074 565 2138 Ubivis
626 2075 881 2160 vestigia
944 2082 1237 2161 apparent
1298 2074 1661 2140 imitationis
1720 2075 1816 2139 vel
1884 2075 2206 2140 verborum
2267 2075 2364 2140 vel

348 2193 685 2257 dictionum
732 2194 826 2259 vel
857 2196 1324 2277 sententiarum,
1372 2201 1499 2259 tam
1531 2194 1773 2272 crebra,
1821 2201 1893 2258 ut
1926 2194 2204 2280 Epistola
2233 2193 2363 2259 VII

348 2336 552 2378 revera
596 2314 676 2378 sit
721 2315 964 2379 centoni
1008 2314 1225 2379 similis
1272 2338 1306 2379 e
1350 2314 1628 2379 Platonis
1675 2286 1916 2401 scriptis
1963 2316 2361 2393 concinnat03

347 2430 441 2496 his
461 2431 1093 2520 autemjasperguntur
1114 2432 1341 2518 passim
1366 2432 1638 2497 maculae
1654 2481 1672 2509 ,
1699 2431 1904 2497 sordes
1921 2482 1938 2510 ,
1959 2431 2363 2517 negligentiae

350 2572 385 2613 a
430 2550 690 2615 sanitate
735 2558 797 2615 et
826 2552 1094 2637 puritate
1125 2550 1319 2615 Attici
1351 2550 1644 2615 sermonis
1675 2572 1923 2636 prorsus
1950 2550 2359 2615 abhorrentes.

438 2668 624 2750 Quod
670 2670 747 2733 ad
791 2692 887 2734 res
934 2670 1181 2749 attinet,
1230 2677 1376 2735 sunt
1420 2670 1486 2734 in
1530 2670 1607 2734 iis
1656 2669 1956 2733 nonnulla
1993 2692 2150 2754 quae
2181 2669 2365 2753 scrip-

349 2795 541 2853 torem
606 2811 822 2874 parum
883 2788 1241 2875 diligentem
1257 2838 1276 2868 ,
1341 2790 1463 2854 imo
1525 2790 1592 2853 in
1651 2788 1833 2853 rebus
1895 2788 2364 2875 Atheniensium

352 2929 541 2993 paene
587 2886 888 2994 hospitem
938 2917 1233 2994 arguant3
1283 2930 1440 2994 quae
1472 2916 1679 2973 autem
1714 2906 2032 2972 Platonem
2063 2914 2327 2992 tangunt
2343 2957 2363 2985 ,

348 3048 543 3111 pauca
589 3028 904 3093 continent
942 3018 1254 3114 Epistulae
1302 3049 1458 3112 quae
1505 3049 1631 3093 non
1679 3026 1754 3091 ab
1789 3026 1922 3091 aliis
1953 3048 2198 3111 quoque
2223 3026 2364 3090 scri·

348 3147 626 3231 ptoribus
703 3148 895 3213 relata
954 3148 1216 3226 fuerint3
1280 3168 1437 3230 quae
1499 3146 1744 3232 propria
1803 3147 2061 3224 habent,
2125 3147 2365 3211 minuta

349 3275 492 3331 sunt
550 3274 611 3331 et
670 3266 959 3352 pleraque
1021 3267 1375 3331 commentis
1414 3266 1654 3331 similia.
1718 3264 2060 3352 Sapientiae
2099 3265 2366 3349 denique

347 3382 696 3449 Platonicae
754 3385 940 3449 talem
1004 3384 1370 3451 adumbrant
1430 3384 1722 3470 effigiem,
1784 3384 1851 3448 in
1896 3406 2018 3467 qua
2059 3405 2183 3448 non
2237 3404 2367 3467 ger-

349 3524 529 3567 mana
571 3504 687 3567 viri
730 3502 1149 3589 philosophia,
1207 3503 1313 3567 sed
1360 3502 1753 3568 simulacrum
1786 3502 2029 3589 potius,
2062 3500 2364 3587 Pythago-

349 3622 490 3686 ricis
535 3622 892 3687 commentis
939 3622 1378 3701 deformatum,
1425 3629 1730 3709 appareat.
1819 3634 1822 3637 ’

439 3740 553 3804 His
598 3740 939 3805 rationibus
986 3741 1270 3821 efficitur,
1318 3740 1628 3828 Epistolas
1676 3763 1830 3825 opus
1879 3761 2006 3804 esse
2054 3736 2363 3803 habendas

348 3860 528 3925 otiosi
595 3860 860 3925 hominis
928 3860 1023 3925 vel
1091 3860 1350 3925 rhetoris
1417 3859 1899 3943 φιλοπλοὶτωνος,
1971 3857 2096 3921 sive
2164 3856 2350 3919 unius

350 3980 474 4045 sive
519 3980 823 4067 plurium,
873 3982 981 4066 qui
1026 3980 1285 4045 lectione
1330 3980 1499 4045 illius
1545 3978 1820 4044 imbutus
1871 3983 1931 4042 et
1963 3976 2238 4041 oratione
2269 3996 2363 4039 co-

351 4099 581 4164 loratus
644 4100 919 4164 Platonis
977 4076 1221 4164 nothine
1281 4098 1625 4185 apologiam
1681 4096 1941 4163 scribere
1987 4095 2102 4160 sibi
2148 4115 2365 4179 propo-

352 4218 575 4296 suerit,
646 4239 769 4302 qua
830 4217 1206 4282 aemulorum
1268 4223 1327 4282 et
1383 4217 1734 4281 invidorum
1794 4214 2116 4281 maledicta
2176 4213 2232 4277 ei
2276 4212 2366 4276 in-

2049 4332 2126 4389 16

1715 4522 1760 4569 s
