3025 5067
1249 391 1328 451 81

275 598 580 678 χρώματα
626 595 755 673 ἧκεν
769 647 789 681 ,
827 593 918 662 οἶοι
957 596 1029 662 ἂν
1061 596 1402 675 θυμούμενος
1443 594 1625 677 ἀφείη
1653 646 1668 662 .
1710 596 2039 675 προσπεσὼν
2062 593 2108 656 δ’
2131 594 2289 673 αὐτῷ

276 714 306 779 ὃ
360 716 636 792 Θεοδότης
651 767 672 801 ‚
729 716 1058 795 λαβόμενος
1113 724 1216 790 τῆς
1260 716 1452 796 χειρὸς
1497 713 1770 795 ἐδάκρυσέ
1812 738 1879 778 τε
1924 713 2021 777 καὶ
2070 710 2287 777 ἱκέτευε

236 833 460 909 ’μηδὲν
518 840 760 901 τοιοῦτον
819 841 1013 900 ποιεῖν.
1104 833 1452 912 Ὕπολοιβὼν
1510 833 1558 897 δ’
1589 832 1704 910 ἐγὼ
1749 830 2257 911 παραμυθούμενος
2271 878 2289 902 ,

280 950 491 1033 Θάρρει
509 1004 530 1028 ,
590 952 844 1018 Θεοδότα
862 1003 880 1031 ,
943 952 1090 1035 ἔφην
1107 1003 1124 1024 ,
1187 954 1250 1017 οὗ
1309 952 1428 1031 γὰρ
1473 950 1751 1028 τολμήσει
1799 951 2085 1020 Διονύσιος
2130 948 2293 1028 παρὰ

277 1070 364 1133 τοὶ
407 1070 550 1149 χθὲς
593 1071 1020 1159 ὥμολογημένρο
1063 1068 1230 1135 ἄλλοι
1276 1072 1415 1135 ποτὲ
1461 1070 1614 1149 δρᾶν.
1707 1068 1829 1133 Καὶ·
1868 1065 1926 1139 ὃς
1974 1065 2293 1145 ἐμβλέψας

277 1212 376 1265 μοι
440 1188 540 1252 καὶ
601 1188 778 1268 μάλα
822 1194 1155 1270 τυραννικῶς
1175 1240 1192 1264 ,
1241 1188 1338 1253 Σοὶ
1357 1238 1375 1270 ,
1423 1188 1538 1271 ἔφη
1556 1237 1573 1269 ,
1623 1188 1735 1264 ἐγὼ
1781 1186 1914 1251 οὔτε
1958 1210 2017 1250 τι
2063 1183 2295 1263 σμικρὸν

271 1306 409 1370 οὔτε
469 1307 637 1383 μέγα
697 1308 1064 1384 ὡμολόγησα.
1155 1309 1250 1381 Νη
1309 1306 1440 1375 τοὺς
1487 1305 1669 1379 θεούς,
1718 1298 1781 1378 ἦν
1826 1304 1875 1366 δ’
1900 1303 2013 1381 ἐγὼ
2031 1353 2050 1385 ,
2098 1303 2172 1367 σύ
2218 1326 2297 1379 γε

276 1430 516 1507 ταῦτα,
565 1421 606 1489 ἃ
651 1432 752 1490 σοῦ
798 1432 892 1489 νῦν
937 1422 1096 1497 οὗτος
1143 1425 1324 1489 δεῖται
1369 1426 1452 1501 μὴ
1485 1430 1679 1489 ποιεῖν.
1751 1421 1861 1485 Καὶ
1894 1423 2061 1486 εἰπὼν
2094 1426 2298 1486 ταῦτα

277 1543 791 1638 ἀποστρεφόμενος
837 1542 1076 1625 ᾠχόμην
1120 1542 1247 1619 ἔξω.
1342 1543 1441 1605 An
1493 1562 1766 1624 unquam
1813 1539 2051 1617 rhetor,
2100 1538 2302 1602 Plato·

279 1663 458 1725 nicae
503 1664 782 1737 ἠθοποιίας
831 1662 1184 1739 aemulator,
1233 1660 1612 1745 splendidius
1661 1682 1837 1744 opere
1884 1654 2132 1723 functus
2165 1656 2296 1719 est?

283 1781 446 1845 Vide
492 1789 698 1845 autem
743 1804 926 1865 quam
973 1781 1124 1845 bene
1165 1780 1312 1844 haec
1343 1803 1484 1844 cum
1516 1779 1880 1865 praegressis
1910 1777 2291 1840 cohaereant.

374 1899 680 1963 Postridie
728 1901 942 1985 prioris
991 1900 1282 1963 sermonis
1327 1921 1573 1983 vespere
1616 1896 1959 1961 Theodotes
1984 1894 2299 1961 audiverat

278 2019 652 2103 Dionysium
697 2042 804 2104 per
849 2020 1245 2083 mercenarios
1285 2019 1647 2102 investigare
1680 2014 2106 2081 Heraclidem:
2154 2013 2297 2077 inde

281 2146 490 2201 metus
559 2147 621 2201 et
665 2139 1026 2223 indignatiO.
1119 2139 1274 2203 Tum
1323 2138 1665 2202 Theodotes
1710 2138 1773 2201 in
1813 2135 2117 2219 colloquio
2166 2157 2297 2220 pro-

280 2257 534 2319 miserat
578 2256 870 2341 Dionysio
917 2280 979 2320 se
1024 2257 1200 2320 illum
1233 2257 1659 2321 arcessituram
1675 2305 1693 2333 ,
1728 2255 1779 2317 si
1810 2262 2104 2339 tyrannus
2138 2252 2297 2315 salu-

280 2352 410 2439 tem
453 2376 507 2438 ei
548 2376 966 2461 polliceretur;
1011 2375 1177 2459 quod
1206 2376 1305 2439 hic
1337 2381 1651 2440 annuerat.
1717 2376 1801 2437 At
1832 2371 2187 2435 Heraclides
2220 2370 2295 2435 ab

285 2494 486 2557 amico
533 2502 816 2559 evocatus
848 2518 970 2557 non
995 2494 1238 2580 prodiit.
1301 2493 1464 2578 Ergo
1488 2493 1849 2577 DionysiuS,
1878 2513 2069 2575 quum
2093 2490 2295 2554 denuo

286 2613 531 2697 exquiri
554 2613 732 2677 illum
749 2613 1026 2699 juberet,
1055 2614 1209 2677 nihil
1226 2614 1369 2677 fecit
1384 2613 1695 2698 promissis
1720 2611 2116 2687 contrarium,
2130 2608 2297 2693 quod

285 2742 496 2797 tamen
527 2734 593 2797 in
625 2732 858 2797 ultimis
883 2732 1050 2797 hisce
1075 2733 1130 2797 ei
1153 2732 1454 2818 objicitur.
1503 2731 1845 2796 Theodotes
1870 2737 2073 2793 autem
2104 2730 2296 2793 immi-

285 2872 446 2913 nens
478 2850 672 2913 amico
704 2849 1044 2935 periculum
1073 2873 1322 2914 narrans
1353 2848 1550 2921 addit:
1577 2849 1603 2914 ὃ
1628 2843 1829 2913 δἐἶνοιί
1850 2872 1931 2929 πη
1954 2848 2141 2925 ταύτῃ
2164 2847 2295 2931 (pro

281 2968 540 3033 ἐνταῦθά
587 2970 718 3053 που)
761 2968 1084 3051 κινδυνεύει,
1134 2964 1426 3033 videtur'
1462 2967 1558 3031 Mc
1596 2968 1810 3031 alicubi
1839 2988 1981 3030 esse.-
2013 2987 2153 3048 ergo
2187 2963 2294 3027 ubi

282 3094 450 3151 esset
485 3108 610 3150 non
647 3086 908 3165 sciebat,
943 3085 1050 3151 sed
1081 3086 1438 3172 conjiciebat
1465 3092 1742 3163 tantum3
1776 3082 2081 3167 quomodo
2109 3083 2300 3167 igitur

281 3205 352 3268 in
417 3203 914 3289 praecedentibus
969 3204 1238 3289 polliceri
1301 3203 1505 3289 potuit
1566 3225 1630 3267 se
1676 3202 2105 3266 arcessituram
2152 3199 2295 3263 ami-

281 3344 431 3387 cum
447 3372 467 3401 ‚
515 3322 624 3407 qui
667 3322 776 3387 ubi
821 3329 980 3386 esset
1021 3321 1369 3387 nesciebat?
1458 3318 1683 3385 Nonne
1728 3319 1792 3383 id
1837 3318 2054 3405 probat
2097 3326 2296 3383 totum

282 3440 497 3503 locum
558 3462 686 3503 esse
733 3447 1138 3504 commentum
1185 3438 1590 3516 rhetoricum,
1640 3459 1761 3522 quo
1809 3436 2064 3521 scriptor
2109 3442 2297 3499 artem

283 3580 467 3622 suam
515 3558 831 3622 ostendere
878 3557 1162 3622 studuit?
1205 3557 1244 3619 J
1249 3580 1344 3621 am
1391 3529 1669 3640 sequitur
1713 3556 1923 3640 pulcra
1967 3553 2295 3638 tragoedia.

281 3674 451 3739 Vide
511 3698 697 3761 quam
757 3683 1115 3759 exaggerata
1175 3676 1298 3739 sint
1357 3674 1589 3739 omnia:
1656 3672 2033 3753 προσηλθέτην
2081 3670 2297 3753 σπουδῇ

179 3782 188 3791 0
280 3794 714 3875 τεθορυβημένω
774 3797 1161 3871 θοιυμοιστῶςς
1225 3802 1285 3857 et
1344 3793 1529 3878 paulo
1592 3800 1761 3877 post:
1824 3790 2297 3867 ξυνακολούθησον

281 3910 500 3995 ἁπάσῃ
558 3921 806 3993 μηχανῇ
822 3962 840 3991 ,
897 3913 958 3977 11.
1009 3936 1058 3977 e.
1106 3911 1387 3977 manibus
1435 3909 1694 3996 pedibus
1712 3959 1732 3989 ‚
1779 3910 1959 3974 remis
2007 3918 2068 3973 et
2112 3907 2294 3971 velis!

282 4030 452 4095 Tum
481 4037 604 4093 tres
637 4030 814 4093 amici
845 4052 968 4094 una
996 4031 1226 4093 intrant
1257 4028 1333 4092 ad
1364 4028 1748 4112 Dionysium.
1796 4026 1901 4091 Illi
1934 4026 2109 4090 ambo
2136 4032 2301 4088 stant

284 4149 481 4227 muti,
521 4148 948 4233 lacrymantes,
981 4148 1158 4212 Plato
1189 4147 1376 4212 libere
1406 4154 1733 4231 tyrannum
1766 4146 2118 4229 alloquitur.
2182 4142 2300 4207 Res

2026 4266 2066 4321 6
