3025 5067
1290 380 1368 437 (59

303 607 592 649 normam
661 583 1072 661 instituenda,
1131 583 1267 647 'sive
1337 582 1399 647 id
1470 606 1577 667 per
1649 584 1769 647 vim
1840 584 1946 647 fiat
2016 584 2139 647 sive
2206 604 2347 646 con-

306 704 458 767 silio
519 704 740 768 dando,
835 702 1011 767 Adde
1083 702 1246 787 quod
1310 702 1723 784 παραφροσύνη
1787 701 1887 765 hic
1934 701 2204 785 positum
2252 708 2343 765 est

303 844 430 906 pro
473 822 766 905 α’φροσύνη
815 823 940 887 sive
985 822 1206 900 μανίαι
1255 821 1414 885 illud
1459 822 1717 887 amentia·
1752 826 1876 899 est,
1926 820 2042 884 hoc
2073 820 2338 900 insania,

307 941 486 1023 quod
532 941 594 1005 h.
626 941 669 1005 1.
719 942 1114 1027 significatur.
1188 939 1348 1005 Sunt
1393 948 1454 1004 et
1501 940 1622 1004 alia
1668 962 1705 1003 a
1733 939 1990 1004 Platone
2026 938 2345 1003 desumta:

305 1061 419 1123 οὐκ
479 1058 1062 1142 ἀφοσιωσάμενος
1123 1057 1291 1135 μόνον
1351 1057 1741 1136 ἐπαυσάμην,
1790 1057 1851 1121 h.
1902 1080 1955 1121 e.
2002 1079 2119 1121 non
2164 1056 2347 1121 obiter

307 1182 571 1254 tantum,
619 1177 788 1261 quasi
831 1184 897 1241 ut
941 1178 1195 1241 animum
1243 1176 1521 1259 reliqione
1550 1177 1784 1241 solvam.
1832 1175 2011 1239 Plato
2040 1174 2120 1239 de
2148 1174 2340 1259 Legg.

309 1293 449 1372 Ἣ,
503 1295 626 1359 752
675 1295 769 1359 D:
817 1294 1018 1376 φημὶ.
1049 1345 1063 1361 .
1093 1346 1108 1361 .
1156 1303 1410 1375 χρῆναι.
1438 1344 1454 1359 .
1484 1346 1500 1361 .
1560 1296 1645 1373 μη
1690 1292 1858 1371 μόνον
1903 1292 2347 1375 ἀφοσιώσασθαι

307 1411 446 1494 περὶ
483 1421 588 1488 τῆς
624 1413 822 1495 χώρας
861 1410 924 1491 ἣν
962 1419 1058 1478 νῦν
1095 1412 1483 1497 κατοικίζετε,
1532 1411 1810 1489 ξυντόνως
1849 1412 1902 1476 δ’
1933 1413 2352 1491 ἐπιμεληθῆναῑ

309 1532 443 1595 κτὲ.
537 1530 703 1595 Male
749 1538 955 1596 autem
1002 1530 1288 1595 additum
1334 1531 1708 1609 ἐπαυσάμην.

412 1648 664 1713 Dictum
713 1648 1068 1726 αὐτόκλητος
1115 1649 1210 1714 ἐπὶ
1257 1650 1354 1715 τὸν
1391 1656 1638 1715 τοιοῦτον
1678 1650 1782 1715 οὐκ
1814 1650 2063 1729 ἔρχομαι
2101 1670 2224 1711 non
2258 1670 2354 1711 va-

309 1774 421 1831 cat
465 1746 672 1851 aliqua
719 1768 1022 1853 superbia.
1071 1768 1348 1832 Petitum
1381 1767 1625 1833 videtur
1656 1790 1728 1831 ex
1758 1790 1829 1831 eo
1868 1766 2034 1851 quod
2064 1766 2355 1853 praecipi·

309 1895 426 1949 tur
470 1885 545 1948 de
589 1884 739 1969 Rep.
788 1884 922 1962 VI,
971 1908 1031 1971 p.
1081 1887 1209 1949 488
1261 1888 1360 1949 A:
1408 1888 1471 1951 οὐ
1519 1885 1639 1965 γὰρ
1685 1884 1814 1965 ἔχει
1859 1884 2039 1967 Φύσιν
2082 1922 2173 1934 --
2217 1883 2353 1955 τοὺς

310 2004 532 2085 σοφοὺς
579 2003 674 2067 ἐπὶ
723 2003 836 2074 τὰς
882 2008 995 2067 τῶν
1041 2003 1326 2068 πλουσίων
1389 2003 1559 2082 θύρας
1626 2002 1787 2069 ἰέναι.
1880 2001 1998 2066 Sed
2045 2001 2215 2066 aliud
2264 2008 2355 2066 est

317 2127 644 2205 praecepta
704 2120 848 2185 dare
905 2120 1206 2205 perfectae
1269 2120 1504 2185 civitati
1565 2126 2003 2199 consentanea,
2070 2119 2242 2185 aliud
2287 2120 2351 2183 in

317 2240 636 2303 communi
694 2239 854 2305 vitae
916 2262 1036 2303 usu
1097 2262 1373 2305 normam
1442 2240 1665 2325 agendi
1734 2240 1852 2305 sibi
1922 2238 2349 2326 praescribere.

318 2357 512 2438 Quod
557 2363 761 2423 autem
807 2364 1017 2423 noster
1053 2359 1305 2423 omnino
1335 2358 1621 2443 reprobat
1652 2359 1720 2423 τὸ
1758 2357 2068 2439 βιάζεσθαι
2082 2408 2101 2443 ,
2136 2358 2201 2423 in
2232 2358 2351 2432 hoc

321 2499 363 2539 a
406 2476 684 2541 Platonis
731 2476 1034 2543 sententia
1096 2477 1434 2555 aberravit,
1498 2484 1661 2541 certe
1706 2499 1832 2543 non
1878 2476 2163 2562 congruit
2208 2498 2350 2541 cum

320 2594 402 2657 iis
448 2616 606 2679 quae
636 2594 814 2658 Plato
861 2594 927 2659 in
957 2594 1218 2659 Politico
1250 2617 1312 2680 p.
1348 2597 1475 2658 296
1510 2594 1816 2661 dicentem
1861 2595 2008 2659 facit
2042 2594 2351 2681 hospitem

319 2712 707 2778 Eleaticum:
757 2713 1048 2799 principis
1097 2721 1158 2778 et
1201 2713 1569 2799 legislatoris
1617 2736 1747 2779 esse
1795 2736 2040 2799 cogere,
2099 2714 2150 2777 si
2196 2735 2351 2798 opus

323 2840 452 2915 est,
515 2832 676 2895 cives
724 2831 800 2895 acl
847 2831 1228 2897 honestatem
1273 2830 1631 2897 colendam:
1702 2830 2011 2914 βιάζεσθαι
2058 2832 2223 2915 παρα
2267 2831 2351 2897 τοὶ

235 3008 244 3033 ,
323 2951 728 3033 γεγραμμένα
773 2951 872 3015 καὶ
935 2950 1160 3030 πάτρια
1220 2950 1354 3030 δρᾶν
1403 2948 1575 3031 ἕτερα
1620 2950 1943 3031 δικαιότερα
1984 2951 2085 3017 καὶ
2131 2950 2349 3029 ἀμείνω

324 3067 423 3131 καὶ
471 3067 696 3132 καλλίω
741 3072 852 3145 τῶν
897 3046 1234 3148 ἔμπροσθεν..
1321 3063 1566 3146 Quodsi
1625 3088 1766 3130 vero
1828 3067 2072 3151 singula
2132 3066 2349 3131 vellem

326 3191 640 3263 excutere,
689 3185 790 3248 vix
835 3186 1018 3249 finem
1063 3184 1414 3249 invenirem.
1480 3185 1751 3249 Attende
1789 3178 2041 3249 'tantum
2081 3182 2352 3249 cumula-

324 3302 556 3367 tionem
603 3303 1044 3387 genitivorum:
1092 3302 1234 3381 βιάν
1282 3302 1341 3367 δὲ
1386 3301 1623 3381 πατρίδι
1671 3302 1969 3375 πολιτείας
2006 3302 2351 3381 μεταβολῆς

323 3422 412 3498 μη
475 3421 830 3501 προσφέρειν.
925 3420 1162 3505 Optimi
1223 3421 1549 3507 scriptores
1566 3469 1586 3498 ,
1650 3420 1833 3484 etiam
1893 3420 2071 3485 Plato
2087 3471 2107 3500 ,
2168 3421 2348 3485 talem

323 3538 864 3621 constructionem.
897 3561 1020 3603 non
1066 3539 1297 3616 vitant,
1348 3538 1454 3602 secl
1502 3539 1668 3623 quod
1702 3539 1886 3602 ceteri
1917 3560 2041 3606 non
2070 3539 2351 3624 fugiunt,

324 3656 428 3719 hic
477 3656 552 3719 de
613 3656 918 3720 industria
977 3663 1244 3720 sectatur
1262 3682 1282 3734 ς
1347 3656 1580 3720 accedit
1642 3656 1808 3741 quod
1854 3656 1965 3734 βία
2010 3654 2355 3735 μεταβολῆς

327 3774 631 3845 πολιτείας
685 3796 796 3858 pro
840 3774 1032 3853 βίαιος
1079 3775 1376 3847 πολιτείας
1422 3775 1737 3853 μεταβολὴ
1787 3784 1879 3839 est
1932 3797 2077 3839 sane
2125 3776 2357 3861 quaesi-

325 3898 464 3954 tum
528 3912 721 3975 aeque
785 3914 852 3955 ac
899 3890 1064 3974 quod
1111 3914 1298 3977 supra
1343 3891 1569 3975 legitur
1627 3916 1687 3977 p.
1738 3894 1867 3955 324
1914 3891 2009 3955 B:
2080 3894 2113 3975 ὅ,
2152 3890 2355 3974 τρόπος

326 4016 438 4081 τῆς
483 4008 762 4085 γενέσεως
811 4012 995 4091 αὐτῆς
1039 4010 1168 4092 (τῆς
1215 4008 1506 4093 διανοίας).
