3025 5067
1215 420 1337 483 207

270 626 537 691 breviter
582 640 643 691 et
688 627 940 711 carptim
984 626 1049 691 in
1095 625 1369 711 Epistola
1412 625 1572 704 VII,
1621 626 1884 712 apertius
1931 635 1992 690 et
2036 626 2277 710 plenius

272 745 604 829 exponitur
647 746 712 809 in
757 744 1033 829 Epistola
1078 743 1181 821 II,
1230 744 1337 808 ubi
1385 754 1742 831 personatus
1788 745 1965 809 Plato
2011 746 2284 821 αἰνιγμα-

272 865 431 939 τωδῆ
491 885 733 948 prorsus
795 863 1241 947 philosophiam
1294 863 1629 947 profitetur.
1722 863 1819 927 Ibi
1866 863 1942 927 de
1987 886 2096 927 sua
2141 884 2280 927 cum

278 982 577 1065 Dionysio
622 980 1062 1045 consuetudine
1108 980 1301 1044 multa
1344 980 1586 1046 locutus
1603 1030 1620 1059 ‚
1670 982 1816 1045 haec
1846 982 2031 1046 missa
2059 982 2283 1045 faciens

276 1098 483 1163 verbis
542 1101 663 1178 περὶ
712 1100 817 1176 μὲν
860 1096 951 1163 οὖν
1002 1099 1213 1164 τούτων
1242 1106 1441 1164 ταῦτα
1458 1150 1471 1175 ,
1520 1099 1802 1185 deinceps
1835 1100 1910 1163 ad
1941 1100 2060 1163 alia
2089 1100 2286 1184 pergit

282 1218 405 1281 hoc
449 1216 663 1295 mod0,
713 1241 771 1303 p.
820 1221 947 1281 312
996 1218 1087 1282 D:

378 1338 466 1401 Τὸ
520 1337 579 1401 δὲ
632 1339 894 1418 σφαιρίον
943 1339 1041 1401 οὐκ
1086 1340 1243 1417 ὀρθῶς
1292 1337 1416 1417 ἔχει
1444 1357 1459 1373 ·
1506 1337 1742 1411 δηλώσει
1787 1337 1845 1401 δέ
1889 1361 1970 1401 σοι
2018 1336 2292 1416 Ἀρχέδη-

285 1479 399 1532 μος
414 1505 431 1533 ,
479 1456 708 1521 ἐπειδὰν
752 1454 885 1535 ἔλθῃ
902 1505 916 1520 .
964 1454 1061 1519 καὶ
1110 1454 1174 1527 δὴ
1220 1454 1317 1517 καί
1366 1454 1489 1534 περὶ
1536 1454 1709 1529 τοῦδ’,
1751 1451 1997 1518 ὃτούτου
2032 1454 2292 1531 τιμιώτε-

286 1573 378 1652 ρόν
437 1576 491 1637 τ’
518 1576 639 1639 ἔστι
692 1573 789 1637 καὶ
836 1573 1125 1651 θειότερον,
1169 1572 1266 1637 καὶ
1312 1571 1488 1649 μάλα
1533 1572 1732 1652 σφόδρ’
1777 1574 1936 1654 αὐτῷ
1981 1572 2256 1648 δηλωτέον
2273 1624 2290 1647 ,

290 1693 433 1772 ὑπὲρ
494 1688 560 1755 οὗ
606 1692 677 1757 σὺ
722 1690 1051 1772 πέπομφας
1096 1690 1472 1772 ἀπορούμενος
1490 1740 1505 1755 .
1555 1694 1675 1775 φῇς
1721 1693 1839 1773 γὰρ
1885 1694 1950 1765 δὴ
1995 1676 2154 1757 κατα
2198 1694 2293 1755 τὸν

290 1813 500 1875 ἐκείνου
545 1810 717 1887 λόγον
762 1813 875 1890 οὐχ
901 1812 1114 1881 ἱκανῶς
1151 1810 1560 1891 ἀποδεδεῖχθαί
1597 1833 1680 1875 σοι
1703 1810 1828 1885 περὶ
1853 1818 1958 1883 τῆς
1982 1816 2104 1875 τοῦ
2128 1834 2213 1888 πρ
2229 1809 2297 1871 ώ-

292 1954 337 1995 τ
355 1953 381 1993 ο
399 1955 430 1993 υ
466 1929 697 2011 Φύσεως
715 1980 729 1994 .
776 1932 1060 2011 φραστέον
1100 1930 1163 2005 δή
1203 1953 1286 1994 σοι
1325 1932 1391 1995 δι’
1432 1932 1744 2007 αἰνιγμῶν,
1793 1927 1888 2007 ἵν’,
1934 1928 2006 1993 ἄν
2030 1933 2142 2004 τιῆ
2175 1930 2297 1993 δέλ-

294 2072 393 2120 τος
439 2049 471 2123 ἢ
518 2048 719 2113 πόντου
768 2050 800 2123 ἢ
848 2057 959 2125 γῆς
1003 2052 1061 2114 ἐν
1106 2056 1368 2129 πτυχαῖς
1416 2048 1599 2129 παθη,
1645 2050 1671 2113 ὃ
1709 2049 1997 2125 ἀναγνοὺς
2035 2049 2118 2124 μὴ
2141 2051 2292 2127 γνῷ.

294 2164 401 2231 ὦδε
459 2167 577 2247 γαρ
638 2167 762 2246 ἔχει
784 2187 797 2200 ·
854 2166 978 2246 περὶ
1038 2166 1135 2231 τὸν
1189 2166 1421 2231 πάντων
1458 2166 1721 2243 βασιλέα
1764 2166 1941 2230 πάντ’
1991 2167 2149 2243 ἐστὶ,
2195 2166 2294 2230 καὶ

298 2287 504 2351 ἐκείνου
550 2284 717 2351 ἕνεκα
762 2286 993 2359 πάντα,
1039 2287 1136 2351 καὶ
1188 2288 1359 2349 ἐκεῖνο
1404 2283 1582 2349 αἴτιον
1625 2284 1898 2349 ἁπάντων
1930 2290 2041 2348 τῶν
2064 2290 2256 2348 καλῶν
2277 2305 2290 2318 ·

298 2403 620 2484 δεύτερον
676 2404 733 2467 δὲ
778 2403 903 2482 περὶ
949 2403 1028 2468 τὰ
1072 2403 1343 2481 δεύτερα,
1390 2402 1488 2467 καὶ
1534 2403 1762 2481 τρίτον
1808 2402 1932 2480 περὶ
1979 2402 2059 2465 τα
2105 2404 2293 2481 τρίτα.

390 2524 614 2607 Aperte
660 2522 758 2585 hic
804 2522 1097 2605 Dionysio
1144 2521 1323 2599 dicit,
1372 2544 1435 2585 se
1476 2521 1552 2585 de
1582 2544 1786 2585 rerum
1816 2521 2128 2605 principiis
2159 2521 2302 2583 scri-

304 2641 441 2706 bere
486 2644 553 2707 δι’
599 2644 877 2718 αἰνιγμῶν
894 2694 911 2715 ,
962 2648 1033 2704 ut
1076 2641 1182 2723 qui
1228 2640 1391 2724 legat
1434 2663 1559 2705 non
1604 2639 1926 2723 inteUigat.
1975 2637 2132 2703 Cum
2172 2638 2304 2721 qui·

306 2760 417 2825 bus
472 2760 803 2824 concinunt
864 2781 1016 2843 quae
1060 2758 1245 2843 paulo
1292 2766 1430 2843 post
1475 2758 1671 2823 eidem
1717 2758 2045 2843 praecipit,
2095 2765 2168 2819 ut
2213 2778 2304 2819 ca-

306 2888 439 2944 veat
511 2903 587 2944 ne
647 2879 755 2943 illa
819 2878 887 2943 in
930 2878 1153 2962 vulgus
1197 2876 1515 2941 indoctum
1562 2884 1873 2959 emanent,
1924 2900 1982 2962 p.
2033 2879 2160 2939 314
2207 2877 2299 2938 A:

307 2998 559 3076 εὐλαβοῦ
620 2997 811 3075 μέντοι
866 2998 949 3073 μή
995 2995 1122 3060 ποτ’
1169 2995 1381 3076 ἐκπέσῃ
1425 2998 1598 3059 ταῦτ’
1641 2991 1734 3066 εἰς’
1763 2995 2079 3075 ἀνθρώπους
2123 2995 2304 3057 οἰπαι-

307 3118 531 3188 δεύτους
552 3137 565 3151 ·
624 3118 832 3197 σχεδὸν
877 3115 1027 3195 γαρ,
1071 3116 1143 3184 ὡς
1190 3112 1313 3191 ἐμοὶ
1362 3114 1542 3194 δοκεῖ,
1597 3115 1697 3177 οὐκ
1739 3114 1860 3177 ἔστι
1906 3112 2118 3177 τούτων
2165 3113 2299 3187 πρὸς

307 3237 436 3307 τοὺς
498 3236 744 3307 πόλλους
790 3232 1329 3311 καταγελαστότερ’
1362 3232 1716 3308 ἀκούσματα
1753 3232 1864 3295 οὐδ’
1899 3229 1975 3295 αὖ
2006 3234 2138 3310 πρὸς
2169 3231 2302 3301 τοὺς

308 3356 541 3435 εὐφυεῖς
585 3351 1026 3433 θαυμαστότερά
1070 3376 1136 3415 τε
1180 3349 1278 3415 καὶ
1325 3350 1907 3429 ἐνθουσιαστικώτερα.
1986 3350 2193 3431 Atque
2240 3349 2304 3411 in

309 3474 427 3537 fine
472 3474 527 3537 ei
572 3472 819 3536 mandat
860 3478 931 3535 ut
960 3470 1277 3555 epistolam
1306 3468 1523 3533 lectam
1556 3478 1616 3533 et
1646 3469 1927 3532 relectam
1959 3465 2302 3531 comburat:

308 3592 501 3673 ἔρρωσο
560 3592 659 3655 καὶ
722 3590 944 3665 πείθου,
1005 3589 1103 3653 καὶ
1166 3590 1268 3663 τὴν
1320 3589 1626 3661 ἐπιστολὴν
1685 3588 1906 3661 ταύτην
1951 3592 2046 3651 νῦν
2091 3589 2306 3665 πρῶτον

309 3710 592 3782 πολλάκις
652 3710 936 3785 ἀναγνοὺς
988 3707 1377 3771 κατακαυσον.
1468 3704 1565 3769 Ex
1609 3705 1704 3768 his
1747 3706 2066 3769 manifesto
2129 3725 2309 3788 appa-

309 3838 435 3908 ret,
482 3830 726 3894 Platoni
770 3829 870 3892 hic
916 3826 1104 3891 tribui
1150 3847 1428 3890 arcanam
1474 3825 1825 3910 sapientiam
1842 3873 1860 3901 ,
1902 3845 2054 3906 qnae
2087 3822 2310 3907 placita

311 3950 387 4015 de
431 3950 613 4014 rebus
656 3945 979 4011 reconditis
1025 3952 1179 4008 tecte
1225 3950 1287 4007 et
1332 3943 1774 4021 αἰνιγματωδῶς
1823 3942 2058 4005 efferret
2073 3991 2090 4019 ,
2139 3950 2210 4005 ut
2240 3964 2310 4005 ea

312 4068 517 4151 legens
563 4088 739 4130 nemo
785 4064 1149 4147 intelligeret
1183 4061 1303 4126 nisi
1324 4060 1654 4145 sapientiae
1685 4059 1982 4143 mysteriis
2013 4058 2310 4123 initiatus.

403 4185 484 4249 Et
527 4208 669 4249 sane
714 4206 869 4267 quae
899 4184 963 4245 in
994 4182 1202 4245 eadem
1232 4180 1489 4264 epistola
1515 4179 1590 4241 ad
1616 4178 1977 4261 Dionysium
2000 4177 2307 4261 profatur,
