3025 5067
1603 388 1679 447 12

641 599 909 677 oportet:
975 616 1084 657 cur
1143 594 1338 671 enim,
1387 600 1713 679 postquam
1764 594 2125 658 nominatim
2171 595 2651 680 Aristophanem

639 712 848 775 citavit
893 712 1052 775 inter
1097 734 1198 775 eos
1245 693 1353 796 qui
1399 712 1671 797 dialogos
1717 714 1781 777 in
1827 714 2100 798 trilogias
2148 713 2517 791 diviserunt,
2579 716 2653 779 in

639 830 1025 895 memoranda
1082 832 1216 915 ipsa
1275 832 1571 896 divisione
1633 833 1820 897 alium
1882 839 2189 897 auctorem
2247 843 2600 917 sequeretur
2616 835 2652 897 Ρ

639 949 862 1013 Tamen
926 973 1036 1036 pro
1099 950 1470 1035 negligentia
1531 975 1654 1036 qua
1714 952 1819 1016 ille
1880 952 2211 1036 excerpsit,
2268 953 2399 1016 fieri
2447 961 2654 1037 pot-est

638 1076 712 1131 ut
771 1068 1006 1133 diversa
1065 1070 1410 1148 miscuerit,
1467 1071 1561 1134 uti
1607 1072 1893 1156 opinatur
1939 1070 2197 1134 Sfickow
2244 1070 2646 1155 (Wissensch.

637 1186 819 1250 Form
873 1187 930 1250 d.
980 1187 1218 1251 Platon.
1253 1188 1421 1252 Schr.
1456 1213 1518 1273 p.
1556 1192 1678 1251 165
1714 1192 1848 1273 sq.),
1890 1188 2443 1275 ideo'praesertim,
2478 1190 2649 1273 quod

636 1308 701 1371 in
747 1313 876 1370 tota
919 1307 1025 1370 illa
1069 1307 1474 1394 descriptione
1505 1308 1727 1372 diversi
1759 1332 1906 1393 argu
1916 1308 2101 1372 menti
2132 1310 2357 1394 scripta
2386 1310 2475 1371 ita
2503 1332 2648 1373 con-

637 1426 862 1489 sociata
919 1434 1101 1507 sunt,
1160 1434 1230 1489 ut
1275 1426 1440 1490 docti
1485 1427 1863 1511 grammatici
1902 1426 2207 1511 judicium
2251 1427 2419 1491 haud
2468 1428 2649 1492 facile

639 1566 947 1629 agnoscas
1039 1542 1202 1608 Nam
1263 1568 1386 1629 qua
1445 1545 1681 1609 ratione
1740 1546 1900 1609 inter
1946 1568 2008 1609 se
2055 1546 2413 1623 cohaerent,
2463 1568 2651 1629 quam

638 1664 915 1746 quintam
991 1664 1298 1747 trilogiam
1371 1664 1549 1741 facit,
1620 1664 1834 1743 Κρίτων
1852 1714 1868 1741 ,
1942 1665 2163 1729 Φαίδων
2180 1716 2197 1738 ,
2254 1666 2603 1730 Ἐπιστολαί
2617 1664 2651 1727 ἱ)

639 1782 756 1845 Res
801 1783 1035 1847 incerta
1079 1790 1188 1846 est.
1237 1784 1528 1847 Attamen
1574 1784 1810 1847 etiamsi
1856 1783 2004 1848 haec
2050 1784 2267 1847 divisio
2305 1806 2431 1847 non
2461 1784 2651 1847 fuerit

637 1902 1064 1987 Aristophanis
1079 1952 1098 1981 ,
1146 1902 1303 1966 illud
1349 1902 1740 1987 probabiliter
1785 1902 1970 1965 statui
2016 1925 2193 1988 posse
2239 1902 2420 1967 credo
2436 1952 2455 1979 ‚
2513 1902 2653 1965 Ari-

637 2021 996 2107 stophanem
1049 2020 1356 2107 Epistolas
1417 2021 1483 2085 in
1540 2021 1886 2105 catalogum
1930 2022 2225 2106 recepisse
2241 2046 2259 2098 3
2310 2021 2363 2083 si
2410 2020 2650 2084 omisis-

637 2146 762 2217 set,
826 2140 1094 2204 dubitari
1153 2140 1254 2203 vix
1315 2146 1517 2226 potest
1576 2140 1727 2224 quin
1784 2140 1861 2204 ab
1920 2140 2129 2224 aliquo
2189 2146 2351 2203 certe
2394 2140 2654 2203 recenti-

640 2283 814 2324 orum
858 2260 1018 2323 inter
1062 2260 1442 2337 νοθευομένους
1487 2260 1697 2337 λόγους
1742 2266 2094 2324 numeratae
2122 2260 2403 2323 fuissent.
2452 2259 2653 2343 Atqui

637 2386 700 2443 et
745 2402 780 2443 a
821 2378 1111 2444 Cicerone
1165 2385 1228 2443 et
1281 2402 1316 2443 a
1367 2379 1686 2465 Thrasyllo
1732 2386 1793 2443 et
1840 2402 1875 2443 a
1914 2378 2212 2464 Dionysio
2264 2378 2653 2442 Halicarnas-

638 2499 798 2563 sensi
843 2499 960 2583 (De
1021 2498 1082 2561 vi
1128 2498 1371 2563 dicendi
1410 2489 1728 2563 Demosth.
1785 2522 1845 2583 p.
1906 2500 2101 2583 1027)
2156 2498 2491 2582 ceterisque
2538 2497 2651 2581 qui

638 2642 844 2683 earum
891 2618 1264 2683 mentionem
1315 2619 1624 2696 fecerunt,
1682 2641 1791 2703 pro
1844 2618 2129 2703 genuinis
2187 2617 2431 2681 habitae
2478 2622 2644 2680 sunt.

575 2751 578 2755 '
639 2736 924 2801 Ceterum
973 2743 1130 2820 quot
1168 2737 1460 2821 epistolae
1505 2737 1695 2801 lectae
1726 2736 1955 2800 fuerint
1986 2736 2061 2800 ab
2098 2735 2503 2820 Aristophane
2535 2742 2648 2798 aut

639 2856 716 2920 ad
747 2878 900 2940 quos
932 2856 1221 2941 scriptae,
1256 2879 1380 2920 non
1411 2854 1675 2919 additur.
1726 2854 1803 2919 In
1832 2854 2185 2940 tetralogias
2210 2862 2416 2918 autem
2439 2853 2651 2916 divisit

637 2973 991 3059 Thrasyllus
1008 3024 1025 3051 ,
1061 2996 1318 3057 quarum
1357 2996 1583 3038 nonam
1622 2973 1747 3037 sive
1786 2973 2068 3037 ultimam
2105 2971 2439 3037 secundum
2468 2970 2651 3034 Laer-

639 3094 794 3158 tium
855 3093 1192 3160 efficiebant
1250 3093 1400 3157 haec
1461 3093 1718 3177 scripta:
1782 3092 2007 3167 Μίνως,
2054 3090 2272 3169 Νόμοι,
2317 3089 2611 3166 Ἐπινομίς
2633 3138 2651 3165 ,

639 3214 1004 3279 Ἐπιστολαί.
1049 3212 1205 3277 Tum
1237 3212 1544 3297 Epistolas
1570 3217 1885 3275 enumerat
1913 3212 2009 3275 his
2041 3210 2266 3274 verbis:
2301 3208 2648 3275 Ἐπιστολαὶ
2726 3266 2730 3273 .

638 3332 1042 3413 τρισκαίδεκα,
1083 3330 1303 3409 ἠθικαὶ,
1351 3332 1408 3395 ἐν
1437 3325 1531 3403 αἷς
1562 3328 1823 3409 ἔγραψεν
1865 3326 1939 3394 εὖ
1983 3328 2362 3409 πράττειν.
2384 3376 2399 3391 .
2421 3376 2435 3390 .
2458 3377 2472 3391 .
2514 3326 2651 3407 πρὸς

543 3491 548 3496 -
639 3450 1045 3529 Ἀριστόδημον
1104 3449 1252 3530 μία,
1302 3448 1437 3528 πρὸς
1484 3447 1792 3528 Ἀρχύταν
1836 3446 1930 3511 δύο
1948 3496 1962 3520 ,
2008 3445 2143 3527 πρὸς
2190 3445 2477 3511 Διονύσιον
2520 3444 2653 3508 τέτ-

641 3592 813 3647 ταρες
832 3620 850 3643 ,
897 3568 1034 3648 πρὸς
1079 3566 1350 3646 Ἑρμείαν
1394 3565 1493 3630 καὶ
1535 3566 1823 3647 Ἔραστον
1866 3565 1965 3629 καὶ
2012 3564 2275 3644 Κορίσκον
2318 3564 2461 3639 μία,
2513 3562 2650 3641 πρὸς

640 3686 1055 3763 Λεωδάμαντα
1113 3686 1227 3763 μία
1245 3738 1264 3762 ,
1325 3684 1462 3765 πρὸς
1525 3684 1723 3750 Δίωνα
1772 3684 1917 3766 μία,
1965 3683 2104 3763 πρὸς
2150 3682 2463 3762 Περδίκκαν
2508 3680 2655 3757 μία,

642 3806 778 3886 πρὸς
823 3804 956 3877 τοὺς
1005 3805 1484 3895 Δίωνος,οἰκείους
1534 3803 1647 3869 δύο.

733 3924 920 3989 Hunc
987 3923 1216 3989 Laertii
1276 3924 1539 3988 indicem
1602 3924 1653 3987 si
1714 3946 1853 3988 cum
1922 3924 2172 4007 vulgata
2239 3919 2653 4006 Epistolarum

643 4043 874 4128 sylloge
933 4064 1351 4128 comparamus
1366 4092 1384 4120 ,
1472 4043 1748 4106 videmus
1810 4042 1986 4106 ambo
2048 4041 2288 4106 duabus
2348 4040 2416 4103 in
2473 4039 2655 4103 rebus

644 4162 899 4251 paulum
944 4160 1302 4250 discrepare.
1394 4161 1672 4225 Primum
1716 4162 1781 4224 in
1813 4160 1930 4225 hoc
1943 4211 1962 4240 ,
1997 4159 2163 4245 quod
2192 4159 2475 4225 Laertius
2506 4158 2657 4223 citat
