3025 5067
1296 412 1375 472 65

322 612 579 683 obscure
633 624 742 682 aut
793 616 1001 704 inepte
1041 616 1378 683 enuntiata.
1440 617 1563 683 Pro
1599 640 1670 683 eo
1724 617 1890 703 quod
1936 616 2114 682 Plato
2160 617 2336 681 dicit:

325 736 762 815 προαγορεύουσι
807 738 910 811 τὴν
955 736 1327 801 κατάστασιν
1373 732 1509 811 δ’λην
1552 738 1637 815 μη
1667 743 1834 801 κινεῖν
1847 789 1865 813 ,
1912 738 1984 809 ὦς
2029 739 2342 802 ἀποθανου-

320 852 472 933 μένῳ
517 851 576 925 ὃς
622 853 696 919 ἂν
739 859 908 919 τοῦτο
953 855 1057 939 δρᾷ
1071 904 1086 927 ,
1135 853 1422 939 epistola:
1469 854 1907 937 προαγορεύουσι
1956 856 2060 929 τὴν
2100 856 2208 932 μὲν
2246 877 2345 919 πο·

320 950 545 1036 λιτείαν
589 973 692 1037 {civ
736 972 836 1037 καὶ
867 973 953 1051 μὴ
996 979 1198 1047 κινεῖν,
1244 974 1318 1044 ὥς
1363 973 1801 1055 ἀποθανουμένῳ
1838 974 1941 1040 ἐὰν
1980 983 2135 1056 κινῇς
2171 972 2344 1038 addit

321 1111 727 1174 synonymum
782 1092 885 1155 ε’ἒὲν
900 1139 918 1169 ,
983 1089 1214 1154 omittit
1259 1097 1459 1155 autem
1509 1090 1576 1155 id
1620 1091 1685 1155 in
1742 1112 1862 1175 quo
1892 1092 1983 1155 vis
2013 1098 2106 1156 est
2120 1141 2139 1170 ,
2173 1090 2340 1167 δ’ληνε

320 1230 449 1271 11011
497 1209 660 1273 enim
689 1216 899 1273 vetant
929 1208 1266 1293 quidquam
1297 1210 1362 1273 in
1393 1209 1709 1294 republica
1729 1217 1965 1274 mutare
1989 1211 2099 1295 (ita
2124 1212 2345 1297 quippe

322 1349 451 1390 non
490 1350 646 1413 opus
679 1336 838 1392 esset
859 1328 1265 1413 consultore),
1299 1328 1405 1393 sed
1437 1336 1645 1393 vetant
1674 1352 1949 1394 summam
1978 1331 2345 1417 reipublicae

321 1452 581 1509 mutare.
684 1445 804 1511 Pro
863 1447 1208 1525 βουλήσεσιν
1271 1446 1530 1533 epistola
1588 1470 1799 1511 rursus
1859 1448 1984 1513 duo
2054 1449 2349 1515 voeabula

319 1562 632 1639 βουλήσεις
677 1563 776 1628 καὶ
825 1564 1152 1642 ἐπιθυμίας.
1201 1564 1279 1629 Ι11
1325 1564 1562 1629 ultimis
1610 1564 1895 1651 epistolae
1941 1566 2169 1631 verbis:
2216 1568 2349 1631 τίνα

320 1680 531 1761 τρόπον
583 1681 831 1758 γίγνοιτ’
883 1681 954 1747 ἂν
1014 1684 1205 1766 ῥᾷστα
1251 1708 1318 1748 τε
1365 1684 1463 1748 καὶ
1513 1683 1785 1764 τάχιστα
1830 1686 1908 1756 εἰς
1953 1686 2049 1749 τὸν
2094 1685 2184 1751 αεὶ
2215 1685 2348 1765 χρό-

321 1824 436 1869 νον,
474 1800 726 1864 verbum
761 1799 1007 1878 γίγνοιτ’
1045 1799 1119 1866 ἂν
1165 1808 1326 1867 earet
1365 1801 1641 1887 subjecto
1681 1809 1741 1866 et
1772 1801 2015 1866 dubites
2039 1801 2188 1886 quid
2213 1801 2350 1866 sub-

321 1916 705 1981 audiendum
763 1919 877 1982 sit:
930 1941 1008 1983 an
1061 1941 1220 1983 nova
1277 1920 1542 1983 civitatis
1585 1918 1993 1993 κατοὶστασιςὶ)
2032 1927 2095 1983 at
2130 1919 2353 1984 nolunt

321 2035 668 2121 quidquam
711 2037 919 2122 tangi3
958 2060 1035 2101 an
1057 2038 1125 2103 τὸ
1156 2040 1450 2120 ὑπηρετεῖν
1481 2045 1616 2109 ταῖς
1647 2036 2036 2116 βουλήσεσινΡ
2081 2037 2351 2102 Tandem

320 2156 634 2232 γίγνεσθαι
685 2156 764 2229 εἶς
812 2157 910 2221 τὸν
953 2158 1044 2222 ἀεὶ
1076 2155 1275 2237 χρόνον
1305 2178 1429 2220 11011
1461 2156 1645 2221 modo
1676 2156 2060 2238 ὑπερβολικῶς
2086 2155 2350 2233 dictum,

321 2272 437 2336 sed
483 2274 668 2337 etiam
697 2274 935 2337 vitiose.
985 2273 1254 2360 Scriptor
1283 2274 1576 2339 nimirum
1608 2273 1899 2359 ampliora
1930 2274 2123 2337 faeere
2153 2274 2351 2337 voluit

319 2390 513 2454 verba
534 2390 840 2455 Platonis:
874 2388 934 2465 ὃς
965 2392 1012 2457 δ’
1029 2391 1100 2457 ἂν
1130 2395 1297 2474 σφᾶς
1330 2391 1537 2469 ἥδιστα
1568 2392 1848 2473 θεραπεύῃ
1869 2392 2022 2467 sca-E..
2058 2398 2119 2455 at
2151 2390 2355 2477 inepta

320 2508 580 2575 affinxit.
675 2510 968 2576 Similiter
1031 2511 1216 2597 paulo
1279 2516 1416 2575 ante
1431 2561 1451 2590 ,
1511 2533 1704 2597 quum
1766 2510 1921 2575 dixit
1982 2520 2097 2583 τοῖς
2152 2511 2199 2575 δ’
2239 2510 2345 2585 ἔξω

319 2628 589 2704 βαίνουσι
653 2630 787 2713 (pro
849 2629 964 2693 hoe
1024 2628 1200 2693 Plato
1263 2629 1416 2693 solet
1476 2629 1675 2694 dicere
1738 2630 2003 2713 ἐκβῆναι)
2048 2638 2153 2704 τῆς
2200 2631 2354 2709 ὀρθῆς

322 2748 665 2826 πολιτείας,
715 2747 780 2811 id
827 2747 1154 2833 amplificat
1197 2746 1476 2813 addendo
1522 2750 1619 2813 καὶ
1667 2748 1913 2826 μηδαμῆ
1946 2731 2223 2813 ἐθέλουσιν
2260 2751 2359 2813 αὐ-

325 2874 444 2941 τῆς
487 2866 567 2939 εἷς
611 2866 774 2948 ἴχνος
819 2867 993 2932 ἶέναιε
1043 2866 1334 2932 flosculus
1381 2866 1628 2931 additus
1675 2889 1708 2931 e
1752 2867 2009 2931 Platone
2026 2917 2046 2946 ,
2106 2867 2211 2930 sed
2261 2889 2361 2953 pa-

327 3008 476 3049 rum
522 2992 694 3071 apte:
742 3008 884 3051 nam
929 2985 1036 3063 ἔξω
1082 2987 1148 3053 τὸ
1194 2985 1480 3068 παράπαν
1526 2987 1747 3064 βαίνειν
1785 2986 1983 3050 multo
2015 2987 2234 3051 fortius
2268 2994 2359 3050 est

331 3124 524 3186 quam
577 3105 824 3183 μηδαμῆ
877 3105 956 3177 εἷς
1017 3104 1176 3185 ἴχνος
1238 3106 1376 3170 ἰέναι
1392 3153 1412 3183 ,
1474 3126 1662 3189 quare
1716 3103 1832 3168 hoe
1878 3103 1971 3167 illi
2016 3104 2361 3191 appositum

329 3221 610 3305 languet.
701 3221 1023 3287 Praeterea
1081 3222 1381 3285 usitatum
1442 3229 1535 3285 est
1580 3221 1826 3286 Platoni
1871 3219 2029 3302 ἴχνος
2080 3222 2175 3285 vel
2224 3222 2360 3302 ἴχνη

331 3338 632 3423 μετιέναι,
681 3343 952 3415 μεταθεῖν
967 3391 984 3424 ,
1034 3341 1276 3425 vestiqia
1320 3340 1508 3427 sequi,
1558 3342 1772 3405 sectari
1782 3389 1799 3419 ‚
1851 3340 2131 3424 indaqare
2143 3368 2171 3417 ,·
2216 3339 2361 3404 diei-

330 3464 444 3521 tui·
503 3458 684 3523 etiam
740 3461 875 3524 κατ’
934 3456 1090 3539 ἴχνη.
1169 3457 1349 3523 Polit.
1416 3461 1542 3523 301
1607 3458 1697 3523 E:
1744 3459 1833 3523 δεῖ
1875 3459 1942 3533 δὴ
1986 3457 2359 3535 ξυνελθόντας

331 3574 803 3655 ξυγγράμματα
846 3575 1100 3659 γράφειν
1115 3624 1134 3659 ,
1181 3578 1252 3647 ὥς
1301 3574 1440 3641 ἔοικε
1457 3626 1476 3659 ,
1525 3576 1913 3655 μεταθέοντας
1958 3578 2041 3643 τοὶ
2086 3585 2189 3652 τῆς
2217 3578 2361 3651 οὶλη-

333 3692 626 3767 amah->74
687 3692 986 3765 πολιτείας
1042 3693 1199 3773 ἴχνη.
1292 3693 1521 3758 Phaed.
1568 3717 1629 3780 p.
1684 3696 1807 3759 115
1855 3695 1943 3761 Be
1990 3695 2177 3777 ὥσπερ
2222 3696 2356 3760 κατ’

333 3812 480 3893 ’ίχνη
526 3814 688 3877 κατὰ
730 3814 814 3878 τα
859 3817 956 3878 νῦν
1001 3812 1269 3893 εἰρημένα
1314 3813 1414 3877 καὶ
1461 3814 1543 3878 τοὶ
1590 3816 1647 3879 ἐν
1692 3816 1772 3896 τῷ
1818 3815 2130 3894 ἔμπροσθεν
2177 3815 2361 3896 χρόνῳ

335 3932 461 4011 ζῆν.
553 3930 740 4011 Quod
798 3938 1004 3995 noster
1060 3930 1216 3995 dixit
1271 3931 1350 4005 εἷς
1409 3931 1568 4013 ἴχνος
1617 3933 1756 3997 ἰέναι
1818 3955 1928 4018 pro
1974 3934 2231 4015 vestiqiis
2272 3934 2362 3995 in-

336 4053 544 4115 sistere
557 4099 577 4128 ,
639 4057 733 4114 est
790 4049 1124 4115 insolitum.
1217 4050 1531 4113 Dietiones
1592 4053 1753 4117 κατὰ
1798 4054 2003 4132 τρόπον
2048 4059 2109 4116 et
2152 4052 2211 4118 ἔν
2256 4076 2363 4116 τινι

335 4168 532 4250 τρόπῳ
577 4190 762 4254 supra
807 4168 1002 4254 attigi.

2088 4293 2125 4347 5
