<?xml version="1.0" encoding="UTF-8"?>
<!DOCTYPE html PUBLIC "-//W3C//DTD XHTML 1.0 Transitional//EN"
    "http://www.w3.org/TR/xhtml1/DTD/xhtml1-transitional.dtd">
<html xmlns="http://www.w3.org/1999/xhtml" xml:lang="en" lang="en">
 <head>
  <title>
</title>
<meta http-equiv="Content-Type" content="text/html;charset=utf-8" />
  <meta name='ocr-system' content='tesseract 3.04.00' />
  <meta name='ocr-capabilities' content='ocr_page ocr_carea ocr_par ocr_line ocrx_word'/>
</head>
<body>
  <div class='ocr_page' id='page_1' title='image "./commentatiocrit02karsgoog_0246.png"; bbox 0 0 3025 5067; ppageno 0'>
   <div class='ocr_carea' id='block_1_1' title="bbox 1296 1150 1996 1281">
    <p class='ocr_par' dir='ltr' id='par_1_1' title="bbox 1296 1150 1996 1281">
     <span class='ocr_line' id='line_1_1' title="bbox 1296 1150 1996 1281; baseline -0.01 -30"><span class='ocrx_word' id='word_1_1' title='bbox 1296 1246 1301 1251; x_wconf 82' lang='grc'><strong>,</strong></span> <span class='ocrx_word' id='word_1_2' title='bbox 1400 1150 1791 1247; x_wconf 74' lang='lat' dir='ltr'><strong>CAPUT</strong></span> <span class='ocrx_word' id='word_1_3' title='bbox 1863 1152 1996 1281; x_wconf 78' lang='grc'>11.</span> 
     </span>
    </p>
   </div>
   <div class='ocr_carea' id='block_1_2' title="bbox 764 1465 2648 1645">
    <p class='ocr_par' dir='ltr' id='par_1_2' title="bbox 764 1465 2648 1645">
     <span class='ocr_line' id='line_1_2' title="bbox 764 1465 2648 1538; baseline -0.002 -15"><span class='ocrx_word' id='word_1_4' title='bbox 764 1480 843 1523; x_wconf 78' lang='lat' dir='ltr'>nn</span> <span class='ocrx_word' id='word_1_5' title='bbox 886 1478 1347 1538; x_wconf 69' lang='lat' dir='ltr'>nrrs&#39;rommm,</span> <span class='ocrx_word' id='word_1_6' title='bbox 1395 1476 1741 1523; x_wconf 70' lang='lat' dir='ltr'>ancrrun</span> <span class='ocrx_word' id='word_1_7' title='bbox 1786 1470 1914 1522; x_wconf 73' lang='grc' dir='ltr'>111ειο</span> <span class='ocrx_word' id='word_1_8' title='bbox 1958 1465 2021 1523; x_wconf 91' lang='lat' dir='ltr'>et</span> <span class='ocrx_word' id='word_1_9' title='bbox 2047 1467 2223 1536; x_wconf 55' lang='lat' dir='ltr'>ruffi,</span> <span class='ocrx_word' id='word_1_10' title='bbox 2287 1476 2648 1521; x_wconf 73' lang='lat' dir='ltr'>rnorosrm.</span> 
     </span>
     <span class='ocr_line' id='line_1_3' title="bbox 1158 1598 2237 1645; baseline -0.001 -3"><span class='ocrx_word' id='word_1_11' title='bbox 1158 1598 1241 1642; x_wconf 76' lang='lat' dir='ltr'>nn</span> <span class='ocrx_word' id='word_1_12' title='bbox 1284 1598 1586 1645; x_wconf 70' lang='lat' dir='ltr'>rmwms</span> <span class='ocrx_word' id='word_1_13' title='bbox 1631 1598 2237 1644; x_wconf 71' lang='lat' dir='ltr'>on&#39;rnncm&#39;romus</span> 
     </span>
    </p>
   </div>
   <div class='ocr_carea' id='block_1_3' title="bbox 690 2179 2719 4284">
    <p class='ocr_par' dir='ltr' id='par_1_3' title="bbox 690 2179 2719 3337">
     <span class='ocr_line' id='line_1_4' title="bbox 786 2179 2719 2266; baseline 0 -23"><span class='ocrx_word' id='word_1_14' title='bbox 786 2179 983 2265; x_wconf 88' lang='lat' dir='ltr'>Supra</span> <span class='ocrx_word' id='word_1_15' title='bbox 1037 2182 1163 2266; x_wconf 87' lang='lat' dir='ltr'>jam</span> <span class='ocrx_word' id='word_1_16' title='bbox 1220 2181 1792 2260; x_wconf 76' lang='lat' dir='ltr'>animadvertimuS,</span> <span class='ocrx_word' id='word_1_17' title='bbox 1856 2180 2023 2266; x_wconf 83' lang='lat' dir='ltr'>quo&#39;d</span> <span class='ocrx_word' id='word_1_18' title='bbox 2085 2180 2388 2245; x_wconf 90' lang='lat' dir='ltr'>neminem</span> <span class='ocrx_word' id='word_1_19' title='bbox 2447 2180 2555 2264; x_wconf 92' lang='lat' dir='ltr'>qui</span> <span class='ocrx_word' id='word_1_20' title='bbox 2601 2179 2719 2243; x_wconf 85' lang='lat' dir='ltr'>has</span> 
     </span>
     <span class='ocr_line' id='line_1_5' title="bbox 696 2298 2714 2389; baseline 0 -28"><span class='ocrx_word' id='word_1_21' title='bbox 696 2298 978 2383; x_wconf 73' lang='lat' dir='ltr'>epistolas</span> <span class='ocrx_word' id='word_1_22' title='bbox 1024 2306 1255 2363; x_wconf 89' lang='lat' dir='ltr'>attento</span> <span class='ocrx_word' id='word_1_23' title='bbox 1301 2300 1503 2365; x_wconf 86' lang='lat' dir='ltr'>animo</span> <span class='ocrx_word' id='word_1_24' title='bbox 1551 2300 1874 2389; x_wconf 86' lang='lat' dir='ltr'>perlegerit</span> <span class='ocrx_word' id='word_1_25' title='bbox 1933 2300 2142 2383; x_wconf 85' lang='lat' dir='ltr'>fugere</span> <span class='ocrx_word' id='word_1_26' title='bbox 2204 2307 2440 2384; x_wconf 91' lang='lat' dir='ltr'>potest,</span> <span class='ocrx_word' id='word_1_27' title='bbox 2501 2320 2714 2362; x_wconf 88' lang='lat' dir='ltr'>earum</span> 
     </span>
     <span class='ocr_line' id='line_1_6' title="bbox 695 2416 2717 2505; baseline -0.001 -24"><span class='ocrx_word' id='word_1_28' title='bbox 695 2416 1043 2502; x_wconf 86' lang='lat' dir='ltr'>plerasque,</span> <span class='ocrx_word' id='word_1_29' title='bbox 1092 2418 1414 2505; x_wconf 81' lang='lat' dir='ltr'>praecipue</span> <span class='ocrx_word' id='word_1_30' title='bbox 1458 2441 1600 2483; x_wconf 91' lang='lat' dir='ltr'>vero</span> <span class='ocrx_word' id='word_1_31' title='bbox 1649 2418 1842 2484; x_wconf 74' lang='lat' dir='ltr'>VHam</span> <span class='ocrx_word' id='word_1_32' title='bbox 1888 2425 1950 2482; x_wconf 88' lang='lat' dir='ltr'>et</span> <span class='ocrx_word' id='word_1_33' title='bbox 1978 2418 2148 2482; x_wconf 55' lang='grc' dir='ltr'>ΠΡ*111</span> <span class='ocrx_word' id='word_1_34' title='bbox 2160 2469 2180 2498; x_wconf 84' lang='grc'><strong><em>,</em></strong></span> <span class='ocrx_word' id='word_1_35' title='bbox 2229 2419 2540 2483; x_wconf 87' lang='lat' dir='ltr'>continere</span> <span class='ocrx_word' id='word_1_36' title='bbox 2584 2416 2717 2480; x_wconf 90' lang='lat' dir='ltr'>lau-</span> 
     </span>
     <span class='ocr_line' id='line_1_7' title="bbox 695 2536 2715 2623; baseline 0 -23"><span class='ocrx_word' id='word_1_37' title='bbox 695 2536 1002 2602; x_wconf 81' lang='lat' dir='ltr'>dationem</span> <span class='ocrx_word' id='word_1_38' title='bbox 1047 2536 1321 2602; x_wconf 79' lang='lat' dir='ltr'>Platonis</span> <span class='ocrx_word' id='word_1_39' title='bbox 1365 2538 1462 2602; x_wconf 89' lang='lat' dir='ltr'>vel</span> <span class='ocrx_word' id='word_1_40' title='bbox 1504 2539 1708 2623; x_wconf 87' lang='lat' dir='ltr'>potius</span> <span class='ocrx_word' id='word_1_41' title='bbox 1763 2538 2204 2616; x_wconf 85' lang='lat' dir='ltr'>defensionem,</span> <span class='ocrx_word' id='word_1_42' title='bbox 2254 2559 2377 2622; x_wconf 87' lang='lat' dir='ltr'>qua</span> <span class='ocrx_word' id='word_1_43' title='bbox 2417 2545 2552 2601; x_wconf 89' lang='lat' dir='ltr'>tum</span> <span class='ocrx_word' id='word_1_44' title='bbox 2592 2536 2715 2601; x_wconf 86' lang='lat' dir='ltr'>alia</span> 
     </span>
     <span class='ocr_line' id='line_1_8' title="bbox 693 2656 2716 2743; baseline 0 -24"><span class='ocrx_word' id='word_1_45' title='bbox 693 2663 824 2720; x_wconf 88' lang='lat' dir='ltr'>tum</span> <span class='ocrx_word' id='word_1_46' title='bbox 866 2657 1125 2721; x_wconf 84' lang='lat' dir='ltr'>maxime</span> <span class='ocrx_word' id='word_1_47' title='bbox 1180 2659 1311 2721; x_wconf 89' lang='lat' dir='ltr'>eius</span> <span class='ocrx_word' id='word_1_48' title='bbox 1362 2658 1584 2722; x_wconf 89' lang='lat' dir='ltr'>itinera</span> <span class='ocrx_word' id='word_1_49' title='bbox 1635 2656 1960 2743; x_wconf 82' lang='lat' dir='ltr'>Syracusas</span> <span class='ocrx_word' id='word_1_50' title='bbox 2016 2665 2300 2742; x_wconf 87' lang='lat' dir='ltr'>suscepta</span> <span class='ocrx_word' id='word_1_51' title='bbox 2332 2663 2394 2721; x_wconf 88' lang='lat' dir='ltr'>et</span> <span class='ocrx_word' id='word_1_52' title='bbox 2425 2678 2716 2721; x_wconf 88' lang='lat' dir='ltr'>commer-</span> 
     </span>
     <span class='ocr_line' id='line_1_9' title="bbox 696 2774 2716 2863; baseline -0 -24"><span class='ocrx_word' id='word_1_53' title='bbox 696 2776 858 2839; x_wconf 83' lang='lat' dir='ltr'>cium</span> <span class='ocrx_word' id='word_1_54' title='bbox 921 2775 1087 2860; x_wconf 91' lang='lat' dir='ltr'>quod</span> <span class='ocrx_word' id='word_1_55' title='bbox 1150 2777 1207 2839; x_wconf 91' lang='lat' dir='ltr'>ei</span> <span class='ocrx_word' id='word_1_56' title='bbox 1266 2799 1407 2840; x_wconf 88' lang='lat' dir='ltr'>cum</span> <span class='ocrx_word' id='word_1_57' title='bbox 1468 2776 1658 2841; x_wconf 85' lang='lat' dir='ltr'>altero</span> <span class='ocrx_word' id='word_1_58' title='bbox 1722 2776 2018 2863; x_wconf 83' lang='lat' dir='ltr'>Dionysio</span> <span class='ocrx_word' id='word_1_59' title='bbox 2073 2778 2194 2842; x_wconf 77' lang='lat' dir='ltr'>fuit</span> <span class='ocrx_word' id='word_1_60' title='bbox 2242 2776 2317 2841; x_wconf 90' lang='lat' dir='ltr'>ab</span> <span class='ocrx_word' id='word_1_61' title='bbox 2361 2774 2716 2840; x_wconf 86' lang='lat' dir='ltr'>invidorum</span> 
     </span>
     <span class='ocr_line' id='line_1_10' title="bbox 695 2893 2718 2983; baseline -0 -26"><span class='ocrx_word' id='word_1_62' title='bbox 695 2894 1264 2979; x_wconf 89' lang='lat' dir='ltr'>reprehensionibus</span> <span class='ocrx_word' id='word_1_63' title='bbox 1324 2895 1731 2960; x_wconf 76' lang='lat' dir='ltr'>vindicantur.</span> <span class='ocrx_word' id='word_1_64' title='bbox 1829 2895 2064 2983; x_wconf 84' lang='lat' dir='ltr'>Operae</span> <span class='ocrx_word' id='word_1_65' title='bbox 2124 2896 2389 2981; x_wconf 88' lang='lat' dir='ltr'>pretium</span> <span class='ocrx_word' id='word_1_66' title='bbox 2435 2901 2587 2980; x_wconf 85' lang='lat' dir='ltr'>puto</span> <span class='ocrx_word' id='word_1_67' title='bbox 2649 2893 2718 2957; x_wconf 92' lang='lat' dir='ltr'>id</span> 
     </span>
     <span class='ocr_line' id='line_1_11' title="bbox 694 2986 2718 3097; baseline 0 -22"><span class='ocrx_word' id='word_1_68' title='bbox 694 2986 1033 3076; x_wconf 80' lang='lat' dir='ltr'>accuratius</span> <span class='ocrx_word' id='word_1_69' title='bbox 1080 3013 1395 3077; x_wconf 86' lang='lat' dir='ltr'>ostendere</span> <span class='ocrx_word' id='word_1_70' title='bbox 1442 3021 1503 3078; x_wconf 91' lang='lat' dir='ltr'>et</span> <span class='ocrx_word' id='word_1_71' title='bbox 1549 3014 1734 3078; x_wconf 84' lang='lat' dir='ltr'>simul</span> <span class='ocrx_word' id='word_1_72' title='bbox 1762 3014 2062 3093; x_wconf 87' lang='lat' dir='ltr'>indicare,</span> <span class='ocrx_word' id='word_1_73' title='bbox 2095 3012 2442 3079; x_wconf 90' lang='lat' dir='ltr'>cuiusmodi</span> <span class='ocrx_word' id='word_1_74' title='bbox 2473 3020 2534 3077; x_wconf 93' lang='lat' dir='ltr'>et</span> <span class='ocrx_word' id='word_1_75' title='bbox 2565 3034 2718 3097; x_wconf 89' lang='lat' dir='ltr'>quo-</span> 
     </span>
     <span class='ocr_line' id='line_1_12' title="bbox 690 3132 2712 3219; baseline -0.001 -22"><span class='ocrx_word' id='word_1_76' title='bbox 690 3154 971 3197; x_wconf 84' lang='lat' dir='ltr'>rumnam</span> <span class='ocrx_word' id='word_1_77' title='bbox 999 3132 1226 3197; x_wconf 80' lang='lat' dir='ltr'>fuerint</span> <span class='ocrx_word' id='word_1_78' title='bbox 1252 3134 1407 3197; x_wconf 86' lang='lat' dir='ltr'>istae</span> <span class='ocrx_word' id='word_1_79' title='bbox 1436 3134 1935 3219; x_wconf 84' lang='lat' dir='ltr'>vituperationes,</span> <span class='ocrx_word' id='word_1_80' title='bbox 1961 3156 2117 3219; x_wconf 88' lang='lat' dir='ltr'>quae</span> <span class='ocrx_word' id='word_1_81' title='bbox 2141 3133 2493 3199; x_wconf 87' lang='lat' dir='ltr'>scribendae</span> <span class='ocrx_word' id='word_1_82' title='bbox 2517 3132 2712 3197; x_wconf 88' lang='lat' dir='ltr'>huius</span> 
     </span>
     <span class='ocr_line' id='line_1_13' title="bbox 697 3236 1923 3337; baseline 0.003 -23"><span class='ocrx_word' id='word_1_83' title='bbox 697 3236 1033 3337; x_wconf 39' lang='lat' dir='ltr'>apologiae*</span> <span class='ocrx_word' id='word_1_84' title='bbox 1058 3274 1266 3317; x_wconf 88' lang='lat' dir='ltr'>ansam</span> <span class='ocrx_word' id='word_1_85' title='bbox 1312 3252 1611 3317; x_wconf 86' lang='lat' dir='ltr'>dederint.</span> <span class='ocrx_word' id='word_1_86' title='bbox 1915 3239 1923 3252; x_wconf 46' lang='lat'>⁸</span> 
     </span>
    </p>

    <p class='ocr_par' dir='ltr' id='par_1_4' title="bbox 692 3369 2719 4284">
     <span class='ocr_line' id='line_1_14' title="bbox 784 3369 2719 3456; baseline 0 -22"><span class='ocrx_word' id='word_1_87' title='bbox 784 3369 862 3434; x_wconf 89' lang='lat' dir='ltr'>In</span> <span class='ocrx_word' id='word_1_88' title='bbox 892 3370 1138 3435; x_wconf 86' lang='lat' dir='ltr'>exordio</span> <span class='ocrx_word' id='word_1_89' title='bbox 1161 3370 1475 3456; x_wconf 86' lang='lat' dir='ltr'>Epistolae</span> <span class='ocrx_word' id='word_1_90' title='bbox 1498 3370 1630 3435; x_wconf 86' lang='lat' dir='ltr'>VII</span> <span class='ocrx_word' id='word_1_91' title='bbox 1652 3372 1830 3436; x_wconf 87' lang='lat' dir='ltr'>Plato</span> <span class='ocrx_word' id='word_1_92' title='bbox 1848 3379 2278 3437; x_wconf 87' lang='lat' dir='ltr'>commemorat</span> <span class='ocrx_word' id='word_1_93' title='bbox 2293 3393 2537 3436; x_wconf 88' lang='lat' dir='ltr'>causam</span> <span class='ocrx_word' id='word_1_94' title='bbox 2552 3392 2665 3435; x_wconf 87' lang='lat' dir='ltr'>cur</span> <span class='ocrx_word' id='word_1_95' title='bbox 2681 3393 2719 3435; x_wconf 88' lang='lat' dir='ltr'>a</span> 
     </span>
     <span class='ocr_line' id='line_1_15' title="bbox 693 3488 2718 3575; baseline 0 -22"><span class='ocrx_word' id='word_1_96' title='bbox 693 3488 1008 3575; x_wconf 88' lang='lat' dir='ltr'>republica</span> <span class='ocrx_word' id='word_1_97' title='bbox 1052 3488 1435 3554; x_wconf 87' lang='lat' dir='ltr'>abstinuerit.</span> <span class='ocrx_word' id='word_1_98' title='bbox 1527 3490 1698 3554; x_wconf 89' lang='lat' dir='ltr'>Dicit</span> <span class='ocrx_word' id='word_1_99' title='bbox 1741 3490 1807 3555; x_wconf 95' lang='lat' dir='ltr'>id</span> <span class='ocrx_word' id='word_1_100' title='bbox 1855 3514 1917 3555; x_wconf 88' lang='lat' dir='ltr'>se</span> <span class='ocrx_word' id='word_1_101' title='bbox 1963 3491 2174 3555; x_wconf 86' lang='lat' dir='ltr'>fecisse</span> <span class='ocrx_word' id='word_1_102' title='bbox 2205 3513 2332 3555; x_wconf 90' lang='lat' dir='ltr'>non</span> <span class='ocrx_word' id='word_1_103' title='bbox 2363 3512 2474 3554; x_wconf 86' lang='lat' dir='ltr'>sua</span> <span class='ocrx_word' id='word_1_104' title='bbox 2502 3489 2718 3553; x_wconf 90' lang='lat' dir='ltr'>volun-</span> 
     </span>
     <span class='ocr_line' id='line_1_16' title="bbox 694 3607 2717 3695; baseline 0.001 -24"><span class='ocrx_word' id='word_1_105' title='bbox 694 3613 819 3671; x_wconf 85' lang='lat' dir='ltr'>tate</span> <span class='ocrx_word' id='word_1_106' title='bbox 835 3657 854 3685; x_wconf 95' lang='lat'>‚</span> <span class='ocrx_word' id='word_1_107' title='bbox 902 3608 1008 3672; x_wconf 91' lang='lat' dir='ltr'>sed</span> <span class='ocrx_word' id='word_1_108' title='bbox 1056 3607 1322 3673; x_wconf 86' lang='lat' dir='ltr'>adversis</span> <span class='ocrx_word' id='word_1_109' title='bbox 1366 3608 1746 3693; x_wconf 85' lang='lat' dir='ltr'>temporibus</span> <span class='ocrx_word' id='word_1_110' title='bbox 1793 3617 1855 3673; x_wconf 91' lang='lat' dir='ltr'>et</span> <span class='ocrx_word' id='word_1_111' title='bbox 1892 3609 2194 3695; x_wconf 87' lang='lat' dir='ltr'>corruptis</span> <span class='ocrx_word' id='word_1_112' title='bbox 2239 3608 2503 3673; x_wconf 86' lang='lat' dir='ltr'>civitatis</span> <span class='ocrx_word' id='word_1_113' title='bbox 2535 3608 2717 3673; x_wconf 83' lang='lat' dir='ltr'>mori-</span> 
     </span>
     <span class='ocr_line' id='line_1_17' title="bbox 694 3726 2714 3811; baseline 0 -21"><span class='ocrx_word' id='word_1_114' title='bbox 694 3726 810 3791; x_wconf 92' lang='lat' dir='ltr'>bus</span> <span class='ocrx_word' id='word_1_115' title='bbox 872 3733 1169 3792; x_wconf 88' lang='lat' dir='ltr'>coactum.</span> <span class='ocrx_word' id='word_1_116' title='bbox 1262 3727 1409 3799; x_wconf 77' lang='grc' dir='ltr'>Νέας</span> <span class='ocrx_word' id='word_1_117' title='bbox 1470 3727 1578 3806; x_wconf 74' lang='grc' dir='ltr'>ὢν,</span> <span class='ocrx_word' id='word_1_118' title='bbox 1625 3727 1864 3811; x_wconf 88' lang='lat' dir='ltr'>inquit,</span> <span class='ocrx_word' id='word_1_119' title='bbox 1912 3728 2119 3811; x_wconf 77' lang='grc' dir='ltr'><strong><em>ᾠήθην,</em></strong></span> <span class='ocrx_word' id='word_1_120' title='bbox 2177 3729 2225 3793; x_wconf 82' lang='grc' dir='ltr'>εἰ</span> <span class='ocrx_word' id='word_1_121' title='bbox 2278 3730 2484 3811; x_wconf 71' lang='grc' dir='ltr'><strong><em>θᾶττον</em></strong></span> <span class='ocrx_word' id='word_1_122' title='bbox 2529 3728 2714 3803; x_wconf 73' lang='grc' dir='ltr'><strong><em>ἐμαυ-</em></strong></span> 
     </span>
     <span class='ocr_line' id='line_1_18' title="bbox 692 3845 2713 3927; baseline -0.001 -16"><span class='ocrx_word' id='word_1_123' title='bbox 692 3850 794 3911; x_wconf 78' lang='grc' dir='ltr'>τοῦ</span> <span class='ocrx_word' id='word_1_124' title='bbox 853 3847 1124 3925; x_wconf 71' lang='grc' dir='ltr'><em>γενοίμην</em></span> <span class='ocrx_word' id='word_1_125' title='bbox 1183 3846 1367 3927; x_wconf 80' lang='grc' dir='ltr'><strong><em>κύριος</em></strong></span> <span class='ocrx_word' id='word_1_126' title='bbox 1385 3898 1405 3923; x_wconf 90' lang='grc'><em>,</em></span> <span class='ocrx_word' id='word_1_127' title='bbox 1472 3847 1569 3911; x_wconf 78' lang='grc' dir='ltr'>ἐπὶ</span> <span class='ocrx_word' id='word_1_128' title='bbox 1622 3847 1704 3912; x_wconf 72' lang='grc' dir='ltr'>τὰ</span> <span class='ocrx_word' id='word_1_129' title='bbox 1743 3847 1900 3912; x_wconf 75' lang='grc' dir='ltr'><em>κοινὰ</em></span> <span class='ocrx_word' id='word_1_130' title='bbox 1945 3855 2048 3923; x_wconf 79' lang='grc' dir='ltr'>τῆς</span> <span class='ocrx_word' id='word_1_131' title='bbox 2096 3846 2318 3918; x_wconf 77' lang='grc' dir='ltr'><em>πόλεως</em></span> <span class='ocrx_word' id='word_1_132' title='bbox 2363 3846 2526 3918; x_wconf 77' lang='grc' dir='ltr'><em>εὐθὺς</em></span> <span class='ocrx_word' id='word_1_133' title='bbox 2571 3845 2713 3910; x_wconf 72' lang='grc' dir='ltr'><em>ἱέναι</em></span> 
     </span>
     <span class='ocr_line' id='line_1_19' title="bbox 695 3964 2713 4051; baseline -0.001 -22"><span class='ocrx_word' id='word_1_134' title='bbox 695 3965 779 4050; x_wconf 89' lang='lat' dir='ltr'>(p.</span> <span class='ocrx_word' id='word_1_135' title='bbox 844 3966 972 4028; x_wconf 76' lang='lat'>324</span> <span class='ocrx_word' id='word_1_136' title='bbox 1035 3964 1111 4050; x_wconf 93' lang='lat' dir='ltr'>B)</span> <span class='ocrx_word' id='word_1_137' title='bbox 1122 3990 1141 4043; x_wconf 85' lang='lat'>3</span> <span class='ocrx_word' id='word_1_138' title='bbox 1204 3964 1312 4029; x_wconf 92' lang='lat' dir='ltr'>sed</span> <span class='ocrx_word' id='word_1_139' title='bbox 1360 3964 1435 4029; x_wconf 89' lang='lat' dir='ltr'>ab</span> <span class='ocrx_word' id='word_1_140' title='bbox 1484 3964 1601 4029; x_wconf 91' lang='lat' dir='ltr'>hoc</span> <span class='ocrx_word' id='word_1_141' title='bbox 1647 3966 1962 4051; x_wconf 89' lang='lat' dir='ltr'>proposito</span> <span class='ocrx_word' id='word_1_142' title='bbox 2010 3989 2147 4030; x_wconf 91' lang='lat' dir='ltr'>sum</span> <span class='ocrx_word' id='word_1_143' title='bbox 2194 3964 2518 4029; x_wconf 88' lang='lat' dir='ltr'>deterritus</span> <span class='ocrx_word' id='word_1_144' title='bbox 2557 3965 2713 4028; x_wconf 89' lang='lat' dir='ltr'>inse-</span> 
     </span>
     <span class='ocr_line' id='line_1_20' title="bbox 694 4081 2710 4169; baseline -0.001 -21"><span class='ocrx_word' id='word_1_145' title='bbox 694 4089 839 4148; x_wconf 87' lang='lat' dir='ltr'>cuta</span> <span class='ocrx_word' id='word_1_146' title='bbox 881 4081 1067 4147; x_wconf 90' lang='lat' dir='ltr'>XXX</span> <span class='ocrx_word' id='word_1_147' title='bbox 1111 4083 1379 4147; x_wconf 87' lang='lat' dir='ltr'>virorum</span> <span class='ocrx_word' id='word_1_148' title='bbox 1425 4082 1859 4148; x_wconf 89' lang='lat' dir='ltr'>dominatione.</span> <span class='ocrx_word' id='word_1_149' title='bbox 1953 4083 2070 4147; x_wconf 90' lang='lat' dir='ltr'>His</span> <span class='ocrx_word' id='word_1_150' title='bbox 2116 4082 2386 4169; x_wconf 84' lang='lat' dir='ltr'>expulsis</span> <span class='ocrx_word' id='word_1_151' title='bbox 2418 4082 2584 4147; x_wconf 89' lang='lat' dir='ltr'>idem</span> <span class='ocrx_word' id='word_1_152' title='bbox 2611 4104 2710 4147; x_wconf 88' lang='lat' dir='ltr'>me</span> 
     </span>
     <span class='ocr_line' id='line_1_21' title="bbox 696 4198 2708 4284; baseline -0 -19"><span class='ocrx_word' id='word_1_153' title='bbox 696 4202 972 4268; x_wconf 85' lang='lat' dir='ltr'>studium</span> <span class='ocrx_word' id='word_1_154' title='bbox 1023 4203 1243 4268; x_wconf 82' lang='lat' dir='ltr'>traxit:</span> <span class='ocrx_word' id='word_1_155' title='bbox 1294 4203 1642 4284; x_wconf 74' lang='grc' dir='ltr'><strong><em>βραδύτερον</em></strong></span> <span class='ocrx_word' id='word_1_156' title='bbox 1683 4204 1790 4281; x_wconf 81' lang='grc' dir='ltr'>μὲν</span> <span class='ocrx_word' id='word_1_157' title='bbox 1809 4254 1827 4279; x_wconf 89' lang='grc'><em>,</em></span> <span class='ocrx_word' id='word_1_158' title='bbox 1875 4198 2031 4269; x_wconf 79' lang='grc' dir='ltr'><em>εἷλκε</em></span> <span class='ocrx_word' id='word_1_159' title='bbox 2078 4203 2137 4268; x_wconf 80' lang='grc' dir='ltr'>δέ</span> <span class='ocrx_word' id='word_1_160' title='bbox 2174 4227 2254 4282; x_wconf 83' lang='grc' dir='ltr'>με</span> <span class='ocrx_word' id='word_1_161' title='bbox 2299 4201 2451 4281; x_wconf 76' lang='grc' dir='ltr'>ὅμως</span> <span class='ocrx_word' id='word_1_162' title='bbox 2501 4205 2534 4279; x_wconf 80' lang='grc' dir='ltr'><em>ἦ</em></span> <span class='ocrx_word' id='word_1_163' title='bbox 2583 4200 2708 4283; x_wconf 75' lang='grc' dir='ltr'>περὶ</span> 
     </span>
    </p>
   </div>
  </div>
 </body>
</html>
