3025 5067
1282 420 1398 478 133

351 620 682 685 Tarentum
729 623 918 700 adire,
967 625 1073 688 ubi
1133 634 1261 688 tum
1311 626 1670 689 auctoritate
1714 626 1965 689 florebat
2010 601 2306 710 Archytas
2323 675 2341 700 ,

354 739 752 824 philosophus
799 742 1077 826 idemque
1123 744 1446 828 imperator
1489 744 1721 821 claruS,
1790 745 1851 807 in
1924 767 2039 828 qua
2102 744 2343 806 civitate

352 859 670 942 reperisset
730 860 978 923 forsitan
1047 861 1109 924 id
1171 859 1336 945 quod
1404 862 1749 946 quaerebat.
1840 860 1957 925 Sed
2024 885 2163 926 cum
2232 862 2344 925 hae

355 977 621 1061 suscepti
680 977 910 1041 itineris
969 979 1199 1043 ratione
1259 1002 1384 1043 nou
1429 979 1694 1044 concinit
1746 978 1911 1064 quod
1963 981 2146 1064 vulgo
2198 980 2345 1044 rela-

355 1107 486 1158 tum
544 1103 668 1174 est,
727 1097 1040 1161 Platonem
1095 1098 1436 1162 discendi
1486 1120 1669 1162 causa
1713 1098 1777 1162 in
1822 1097 2063 1163 Italiam
2111 1100 2342 1164 venisse

355 1221 420 1277 et
455 1213 785 1279 Tarentum
823 1215 1074 1294 adiisse,
1123 1223 1194 1280 ut
1237 1216 1753 1301 Pythagoreorum
1798 1216 2082 1280 instituta
2124 1240 2344 1300 cogno-

351 1340 576 1396 sceret:
642 1332 807 1417 quod
867 1357 1008 1399 sane
1055 1335 1247 1399 multo
1294 1345 1354 1398 et
1397 1335 1769 1419 probabilius
1816 1342 1876 1398 et
1924 1335 2166 1419 dignius
2213 1335 2341 1419 phi·

348 1449 609 1535 losopho
663 1475 844 1536 quam
891 1454 1119 1537 patriae
1163 1453 1363 1517 taedio
1379 1454 1473 1516 'in
1503 1453 1747 1517 Italiam
1778 1461 1915 1518 'eum
1958 1453 2261 1538 migrasse.
2292 1455 2340 1538 ¹)

352 1567 668 1652 Epistolae
727 1570 982 1657 scriptor
1025 1571 1089 1634 id
1128 1579 1235 1635 aut
1278 1571 1583 1656 ignorasse
1628 1571 1869 1636 videtur
1913 1579 2046 1650 aut,
2094 1581 2166 1635 ut
2210 1595 2341 1657 pro-

348 1687 550 1770 posito
590 1711 699 1752 suo
745 1689 948 1753 minus
994 1690 1509 1753 accommodatum
1530 1738 1548 1768 ‚
1597 1689 2025 1754 dissimulasse.

433 1805 749 1870 Frustrata
791 1829 897 1893 spe
910 1857 929 1885 ,
978 1830 1051 1871 ex
1103 1807 1284 1871 Italia
1327 1807 1573 1871 divertit
1615 1807 1938 1892 Syracusas
1953 1856 1972 1885 ,
2036 1806 2167 1880 ἴσως
2227 1809 2337 1885 μὲν

342 1925 508 1988 κατὰ
538 1925 763 2005 τύχην,
811 1925 950 2003 sed,
983 1933 1056 1988 ut
1098 1917 1307 2010 postea
1352 1926 1667 2011 apparuit,
1696 1925 1884 1990 divini
1907 1925 2173 1990 numinis
2205 1929 2335 2011 (τῶν

239 2115 250 2126 ,
335 2042 662 2122 κρειττόνων
689 2044 860 2128 τινὸς)
906 2044 1315 2130 providentia,
1361 2054 1432 2108 ut
1455 2044 1583 2130 ipse
1614 2044 1763 2108 dicit
1792 2047 1873 2129 (p.
1909 2047 2035 2108 326
2068 2044 2177 2129 D),
2211 2045 2335 2109 sive

339 2169 416 2226 ut
459 2161 826 2256 Plutarchus
872 2163 1056 2247 (Dion
1102 2187 1152 2227 c.
1200 2166 1265 2248 4)
1309 2164 1775 2248 interpretatur,
1832 2164 1952 2242 θείᾳ
2003 2163 2106 2228 τινὶ
2152 2164 2331 2246 τύχῃ.

335 2279 505 2364 Ergo
551 2288 622 2344 ut
665 2281 846 2344 modo
891 2282 955 2345 in
1001 2281 1242 2346 Italiam
1261 2331 1279 2359 ,
1328 2283 1414 2346 ita
1458 2303 1621 2345 nunc
1666 2282 1729 2346 in
1776 2281 2041 2347 Siciliam
2074 2283 2222 2348 abiit
2254 2291 2336 2346 te-

333 2421 502 2464 mere
521 2449 539 2477 ,
587 2400 760 2464 nullo
806 2401 1086 2478 consili03
1134 2401 1240 2466 sed
1285 2403 1350 2465 in
1393 2401 1609 2468 melius
1656 2401 1834 2464 vertit
1879 2401 2048 2466 deus,
2110 2401 2332 2466 Parum

334 2517 458 2582 hoc
503 2519 787 2584 credibile
831 2519 1028 2584 visum
1057 2528 1151 2584 est
1181 2521 1321 2584 viris
1352 2519 1547 2584 doctis
1563 2569 1583 2598 ,
1617 2520 1721 2604 qui
1752 2541 1962 2584 causas
1994 2517 2333 2584 a'ttulerunt

333 2638 494 2702 alius
541 2638 754 2716 aliam,
825 2661 935 2702 cur
977 2639 1153 2702 Plato
1197 2640 1261 2702 in
1307 2638 1575 2703 Siciliam
1620 2639 1967 2723 trajecisset.
2058 2638 2333 2703 Fuerunt

335 2756 449 2839 qui
493 2778 632 2819 eum
677 2757 908 2820 Aetnae
954 2756 1235 2820 visendae
1279 2756 1473 2842 gratia
1518 2755 1781 2820 insulam
1820 2739 2036 2820 adiiss'e
2067 2755 2334 2820 dicerent

334 2866 660 2959 (Apuleius
717 2874 784 2939 ll.
846 2897 897 2939 c.
956 2877 1017 2939 4.
1075 2874 1353 2940 Laertius
1420 2877 1454 2960 ξ
1509 2877 1648 2960 18);
1699 2875 1836 2952 alii,
1892 2882 1964 2939 ut
2009 2898 2222 2960 agrum
2269 2884 2330 2940 et

331 2991 563 3056 incolas
625 3015 661 3056 a
719 2999 975 3078 tyranno
1035 3001 1339 3077 posceret,
1395 2990 1742 3056 condendae
1798 2992 2084 3056 nimirum
2130 2991 2331 3057 Plato-

333 3111 508 3174 nicae
537 3110 766 3175 civitati
796 3111 984 3195 (Plut.
1015 3111 1175 3176 Phil.
1209 3135 1260 3177 c.
1293 3113 1482 3197 princ.
1510 3134 1561 3176 c.
1589 3114 1659 3189 43
1683 3112 1729 3196 2)
1753 3111 2121 3176 Themistius
2154 3110 2327 3176 Orat.

335 3227 556 3306 XVH,
621 3253 680 3314 p.
730 3230 854 3292 215
904 3229 1011 3313 Β),
1063 3229 1224 3314 quod
1269 3230 1428 3295 idem
1474 3228 1755 3293 Lafirtius
1801 3227 2053 3292 secundi
2097 3229 2328 3294 itineris

332 3369 580 3410 causam
624 3347 811 3430 fuisse
857 3347 1038 3426 dicit3
1107 3349 1437 3433 iniquiores
1497 3370 1638 3412 eum
1702 3346 1876 3411 aulae
1922 3345 2327 3431 Syracusanae
2414 3378 2419 3383 ·

332 3465 566 3528 deliciis
621 3463 906 3530 allectum
951 3466 1263 3543 dixerunt,
1312 3473 1383 3530 ut
1427 3471 1675 3530 narrant
1721 3465 2018 3550 Apuleius
2033 3514 2051 3542 ‚
2094 3463 2329 3529 Themi-

333 3583 492 3647 stius
533 3591 595 3646 et
629 3581 1102 3670 olympiodorus
1143 3585 1269 3668 (vit.
1305 3583 1598 3667 Platon.)‚
1626 3605 1807 3666 quam
1831 3582 2074 3666 quidem
2100 3584 2329 3669 opinio-

319 3701 472 3766 'nem
497 3725 532 3765 a
555 3702 798 3766 comicis
827 3703 1024 3787 poetis
1057 3710 1117 3767 et
1146 3703 1491 3816 philosophi
1524 3701 2030 3772 obtrectatoribus
2061 3724 2326 3786 sparsam

401 3895 451 3955 1)
487 3895 735 3958 Menagius
778 3895 837 3944 ad
889 3895 1031 3958 Diog.
1082 3894 1250 3951 Laert,
1303 3893 1402 3944 111.
1453 3893 1498 3943 6.
1568 3893 1837 3950 Hermann,
1885 3892 2087 3956 System.
2122 3891 2168 3941 d.
2204 3891 2329 3940 Plat.

333 3989 451 4056 phil.
488 4005 534 4054 p.
570 3989 658 4048 ⁶0,
693 4006 738 4039 n.
780 3989 891 4039 131.
944 4047 951 4061 Ι

401 4083 451 4146 2)
488 4083 732 4133 Plutarchi
767 4084 906 4133 verba
939 4087 1052 4132 sunt
1085 4083 1226 4132 haec:
1267 4085 1304 4154 ᾖ
1330 4087 1404 4134 καὶ
1437 4085 1625 4133 Πλάτων
1657 4085 1720 4140 ιῑς
1752 4083 1946 4134 Σικελίαν
1976 4085 2211 4146 ἔπλευσεν,
2248 4086 2327 4134 ἰλ-

331 4184 482 4244 πίζωυ
510 4186 573 4233 τὰ
605 4182 816 4246 δόγματα
845 4187 1001 4246 νόμους
1032 4183 1108 4231 καὶ
1139 4185 1250 4247 ἔργα
1275 4187 1472 4237 ποιήσω
1501 4182 1547 4228 ἐν
1576 4185 1671 4235 τοῖς
1700 4181 1917 4230 Διονυσίου
1942 4183 2223 4248 πράγμασιν.
