3025 5067
1307 426 1387 489 51

337 631 559 710 habet,
607 640 680 697 ut
723 631 1042 710 ἐπανάγειν
1087 632 1224 714 πρὸς
1262 632 1328 698 τὸ
1365 638 1491 713 Φῶς
1523 631 1733 718 (Legg.
1766 632 1877 697 IV.
1917 636 2042 698 724
2076 635 2187 716 A),
2207 656 2351 716 pro-

315 752 503 837 ferre
545 752 610 815 in
646 753 825 816 lucem
833 780 862 829 ;
905 752 1224 828 ε’πανοὶγειν
1269 754 1350 825 εἰς
1383 753 1484 827 τὴν
1516 753 1692 817 οἰκίαν
1708 801 1727 831 ,
1759 724 2025 817 reducere
2053 753 2118 815 in
2148 756 2315 817 aedes
2324 780 2353 828 ,-

335 870 502 933 idem
547 870 708 933 valet
753 869 828 934 de
875 871 1171 935 similibus
1217 870 1629 956 dicompositis
1644 921 1663 948 ,
1710 870 2055 953 ἐπαναφέρει)
2074 923 2091 946 ,
2126 874 2345 936 ἐπανα-

336 990 557 1067 βαίνω,
624 990 1058 1070 ἐπανέρχομαι,
1108 990 1394 1069 ἕποὶνειμι.
1480 990 1559 1054 In
1603 990 1802 1054 Aleib.
1850 989 1954 1067 II,
2003 1012 2062 1074 p.
2119 992 2239 1053 140
2290 988 2348 1052 D

339 1106 699 1192 adjunctum
760 1106 1006 1192 quidem
1065 1107 1250 1172 habet
1310 1108 1464 1173 οὲπόι
1528 1110 1721 1172 οὐκοῦν
1764 1109 1873 1171 ἀπ’
1918 1108 2122 1172 ἐκείνου
2168 1107 2347 1172 πάλιν

337 1225 770 1304 ἐπανέλθωμεν,
831 1234 892 1289 at
943 1225 1031 1290 ibi
1083 1225 1448 1291 subauditur
1510 1226 1605 1290 ε’πὶ
1667 1228 1770 1301 τὴν
1827 1227 2017 1307 ἀρχήν
2032 1276 2051 1303 ,
2116 1227 2187 1289 ab
2244 1227 2349 1289 hoe

335 1368 544 1409 rursu-9
581 1348 663 1409 ad
690 1346 1050 1427 prbnmffium
1095 1351 1464 1426 revertamur,
1515 1344 1613 1408 hic
1644 1317 1785 1407 vero
1816 1344 2083 1429 positum
2116 1351 2207 1407 est
2236 1366 2347 1429 pro

336 1464 580 1533 avocavi
621 1462 746 1526 sive
767 1463 992 1527 retraxi
1015 1486 1102 1527 me
1131 1464 1204 1526 ab
1234 1464 1365 1525 istis
1394 1462 1655 1545 neyotiic.
1705 1460 1993 1526 Crederet
2015 1463 2149 1544 quis
2180 1462 2359 1526 forsi-

337 1589 449 1646 tan
497 1604 622 1645 esse
669 1604 930 1645 errorem
976 1580 1204 1645 librarii
1245 1603 1354 1665 pro
1375 1583 1805 1659 απανήγαγονς
1829 1604 2039 1645 verum
2064 1580 2355 1665 composi-

337 1701 422 1763 tis
476 1722 612 1764 cum
659 1700 775 1765 οὶνοὶ
819 1722 956 1763 raro
1002 1700 1356 1785 praefigitur
1399 1700 1539 1764 οἱπό.
2220 1770 2251 1799 o

431 1819 627 1884 Venio
675 1820 752 1883 ad
793 1820 1220 1884 anacoluthon.
1269 1819 1563 1904 Quisquis
1604 1818 1812 1883 locum
1842 1825 2073 1882 attente
2103 1818 2349 1903 legerit,

335 1938 778 2002 animadvertet
819 1938 976 2003 male
1021 1938 1300 2023 copulata
1345 1960 1473 2001 esse
1519 1938 1666 2001 haec
1712 1936 1834 2000 duo
1879 1935 2147 2001 membra
2174 1936 2351 2016 ε’ὂρῶν

335 2058 520 2131 δήπου
579 2058 710 2127 τοὺς
763 2054 972 2135 ἄνδρας
999 2105 1015 2121 .
1044 2105 1060 2129 .,
1091 2108 1106 2122 .
1161 2056 1375 2138 χρυσὸν
1434 2054 1968 2131 ἀποδείξαντας
2015 2061 2075 2117 et
2110 2048 2350 2135 ἳωκροὶ-

334 2200 414 2249 τη
457 2224 472 2241 .
501 2224 516 2238 .
545 2226 560 2240 .
607 2174 966 2254 ἔπεμπον,
1015 2198 1124 2261 pro
1172 2198 1294 2260 quo
1327 2175 1559 2239 dictum
1591 2181 1981 2260 oportuerat:
2014 2172 2351 2249 ἀποδείξαν-

335 2317 454 2363 τας
481 2341 496 2356 .
523 2341 539 2356 .
569 2340 584 2356 .
626 2295 728 2358 καί
773 2317 916 2358 ποτε
962 2294 1240 2371 Σωκράτη
1268 2341 1282 2356 .
1311 2342 1326 2356 .
1356 2342 1370 2356 .
1423 2294 1879 2372 πέμψαντας.
1924 2289 2161 2375 Corrigi
2205 2312 2353 2375 quo-

338 2408 666 2474 dammodo
713 2410 1012 2475 sententia
1056 2416 1258 2494 posset
1301 2408 1619 2474 inserendo
1666 2407 1790 2486 ἷίτε,
1839 2408 1955 2472 hoe
1998 2408 2221 2471 modo:
2270 2408 2351 2472 τοὶ

337 2527 570 2593 τ’ἕέλλα
611 2530 710 2594 καὶ
756 2529 853 2595 ὅτε
899 2540 972 2596 Σ.
1021 2531 1299 2612 ἔπεμπον.
1393 2528 1511 2593 Sed
1560 2552 1595 2592 a
1636 2528 1747 2591 tali
1792 2526 2225 2591 emendationis
2258 2548 2351 2589 co-

338 2654 496 2711 natu
537 2648 758 2712 retinet
793 2670 890 2711 me
922 2647 1086 2732 quod
1116 2647 1293 2711 toties
1324 2647 1578 2731 scriptor
1607 2646 1673 2709 in
1703 2645 2021 2709 verborum
2049 2651 2352 2709 construc-

336 2765 508 2828 tione
523 2814 542 2842 ,
585 2765 823 2829 inscitia
853 2764 1049 2829 dicam
1079 2788 1157 2829 an
1189 2764 1264 2828 de
1293 2764 1592 2828 industria
1606 2813 1625 2841 ,
1657 2770 1868 2849 peccat
1880 2789 1899 2840 ;
1932 2762 2079 2826 dum
2120 2767 2350 2845 gratam

339 2882 584 2947 affectat
637 2882 1096 2968 negligentiam,
1154 2882 1397 2947 mutilat
1441 2881 1737 2967 periodos.
1784 2880 2078 2966 Exemplo
2123 2880 2245 2944 sint
2289 2902 2349 2963 p.

343 3006 476 3066 344
522 3002 608 3066 E:
656 3003 1000 3083 φιλοτιμίας
1063 3004 1316 3083 αἰσχροῖς
1371 3001 1527 3083 εἴπερ
1572 2999 1741 3066 ἕνεκα
1789 3048 1804 3064 .
1834 3048 1850 3064 .
1879 3048 1895 3063 .
1943 2996 2006 3075 ἧς
2050 3002 2150 3064 οὐκ
2194 2998 2351 3074 ἄξιος

342 3116 409 3195 ἦν
448 3124 700 3198 ἀγαπῶν
738 3118 908 3197 δόξαν
937 3122 1040 3195 τὴν
1063 3128 1168 3196 τῆς
1191 3129 1454 3200 μετοχῆς
1478 3120 1783 3196 γενομένην
1798 3168 1817 3195 ,
1843 3117 1952 3182 ubi
1976 3116 2353 3181 desideratur

344 3236 646 3323 apodosis.
705 3260 765 3323 p.
814 3239 942 3301 348
989 3236 1076 3300 B:
1124 3239 1344 3317 ἀπορῶν
1389 3237 1447 3300 δὲ
1486 3236 1764 3311 Θεοδότην
1798 3235 2351 3315 μεταπεμψάμενος

343 3358 424 3429 εἰς
468 3357 564 3421 τὸν
617 3366 794 3433 κῆπον
813 3379 828 3394 ·
892 3356 1101 3436 ἔτυχον
1161 3356 1218 3420 δὲ
1283 3357 1340 3419 ἐν
1383 3359 1463 3436 τῷ
1507 3356 1673 3437 κήπῳ
1717 3354 1815 3420 καὶ
1861 3356 1976 3431 ἐγὼ
2019 3353 2155 3419 τότε
2199 3377 2351 3433 περι-

344 3482 548 3540 πατῶν
567 3498 582 3514 ·
629 3476 710 3541 τα
753 3476 860 3553 μὲν
905 3470 995 3541 οὖν
1039 3472 1207 3540 ἄλλα
1253 3474 1371 3540 οὔτ’
1408 3471 1539 3539 οἶδα
1583 3476 1703 3540 κτὲ.
1739 3473 1847 3538 ubi
1892 3494 2001 3558 pro
2032 3471 2352 3558 participio

343 3592 893 3673 μεταπεμψάμενος
971 3592 1391 3677 requirebatur
1456 3593 1709 3656 verbum
1775 3590 2035 3655 finitum.
2128 3589 2354 3653 Huius-

243 3802 248 3805 ·
345 3711 513 3775 modi
557 3711 936 3776 anacoluthis
983 3719 1173 3775 scatet
1218 3710 1491 3795 epistola.

435 3830 627 3894 Paulo
673 3837 810 3916 post
853 3830 1169 3915 indignam
1215 3829 1478 3893 Socratis
1524 3850 1733 3893 necem
1778 3834 1952 3891 notat
1992 3826 2087 3889 his
2116 3826 2351 3890 verbis:

346 3952 695 4014 ἀπέκτειναν
738 3949 834 4014 τὸν
891 3949 1025 4014 τότε
1083 3958 1189 4024 τῆς
1248 3948 1469 4035 ἀνοσίου
1530 3948 1775 4023 οὲγωγῆς
1835 3947 1935 4010 οὐκ
1996 3944 2354 4019 ἐθελήσαντα

346 4078 678 4148 μετασχεῖν
716 4068 840 4148 περὶ
879 4065 980 4131 ἕνα
1017 4073 1127 4131 τῶν
1164 4066 1300 4132 τότε
1335 4065 1670 4148 φευγόντων
1707 4066 1927 4145 φίλων,
1978 4060 2073 4129 ὅτε
2106 4061 2354 4141 Φεύγον-

346 4211 445 4257 τες
490 4186 840 4267 ἐδυστύχουν
889 4187 1072 4251 αὐτοί.
1135 4184 1366 4264 Quales
1411 4183 1731 4248 verborum
1779 4181 2083 4267 argutiae!
2151 4178 2354 4259 Quam

1218 4300 1227 4310 .
2031 4299 2071 4353 4
2084 4296 2119 4333 ᾖ
