3025 5067
1609 382 1694 443 36

653 585 916 651 officium
961 587 1240 673 redigant
1283 588 1433 654 αἰδοῖ
1454 586 1552 652 καὶ
1585 587 1777 669 φόβῳ.
1842 584 2101 672 Oportet
2133 609 2274 672 ergo
2304 588 2371 655 in
2402 578 2645 671 quaque

652 709 894 774 civitate
952 709 1133 775 rebus
1193 709 1510 795 praeficere
1573 708 1892 793 optimates
1908 756 1927 787 ,
1996 709 2103 792 qui
2158 708 2367 792 aequis
2411 706 2648 792 legibus

650 829 1085 914 rempublicam
1131 830 1506 893 constituant
1553 835 1613 891 et
1654 828 2025 913 gubernent:
2062 827 2357 908 denorum
2386 825 2650 889 millium

651 948 882 1012 civitati
919 948 1376 1032 quinquaginta
1435 947 1778 1012 sufficiunt:
1834 947 2143 1028 μυρίανδρρ
2214 946 2378 1012 πόλει
2440 945 2651 1018 πεντή-

648 1089 823 1132 κοντα
865 1066 1064 1131 ἱκανοί.
1110 1090 1170 1152 p.
1219 1068 1344 1132 33⁷
1395 1064 1464 1130 G.
1557 1065 1725 1129 Haec
1770 1072 1947 1142 sunt,
1994 1065 2231 1149 inquit,
2280 1086 2439 1148 quae
2470 1063 2643 1127 vobis

649 1184 900 1248 consulo
915 1233 935 1262 ,
982 1184 1220 1269 gemina
1262 1184 1371 1249 illa
1413 1191 1521 1248 aut
1567 1184 1841 1269 proxima
1883 1184 1957 1247 iis
2004 1205 2161 1268 quae
2206 1188 2384 1246 antea
2419 1180 2646 1265 Diony-

651 1302 740 1366 sio
788 1309 850 1366 et
878 1326 1073 1388 nuper
1103 1302 1492 1387 Syracusanis
1525 1304 1706 1367 suasi.
1731 1341 1821 1351 —
1843 1302 2148 1387 Equidem
2170 1323 2405 1379 vereor,
2446 1324 2523 1364 ne
2554 1299 2650 1363 his

649 1420 820 1483 lectis
865 1420 1080 1485 Dionis
1126 1422 1454 1507 propinqui
1505 1420 1673 1486 haud
1730 1420 1927 1485 multo
1973 1420 2255 1485 certiores
2300 1419 2445 1483 facti
2490 1419 2613 1481 sint
2630 1468 2649 1496 ‚

649 1537 797 1622 quid
843 1540 1118 1625 angustis
1163 1540 1228 1603 in
1273 1540 1456 1604 rebus
1493 1546 1742 1625 agerent
1772 1561 1955 1623 quam
1988 1547 2166 1603 antea
2193 1538 2482 1614 fuissent,
2516 1537 2643 1599 imo

651 1680 727 1721 ne
772 1665 1074 1743 postremo
1121 1659 1388 1723 evenerit
1431 1659 1506 1723 iis
1538 1657 1684 1723 ὥστε
1726 1663 2110 1729 τελευτῶντες
2156 1659 2440 1735 ἰλιγγιᾶν.
2694 1630 2703 1635 .

741 1775 857 1839 His
921 1777 1269 1841 summatim
1315 1778 1603 1862 expositis
1652 1777 1910 1861 quisque
1925 1827 1944 1855 ,
1993 1777 2209 1862 opinor
2222 1825 2242 1853 ,
2290 1774 2614 1860 perspiciet
2628 1823 2649 1852 ,

655 1894 819 1979 quod
867 1896 1060 1980 ipsam
1105 1896 1438 1981 perlegenti
1484 1895 1805 1983 epistolam
1848 1897 2238 1961 manifestum
2276 1896 2417 1972 erit,
2466 1894 2653 1979 scrip-

653 2021 847 2078 torem
915 2014 1043 2079 sine
1105 2014 1230 2078 ullo
1291 2014 1502 2079 ordine
1563 2016 1683 2080 huc
1743 2015 1892 2079 illuc
1947 2015 2151 2099 vagari
2165 2063 2184 2092 ,
2256 2014 2423 2099 prius
2486 2012 2649 2075 dicta

655 2140 924 2216 repetere
939 2182 958 2210 ,
1008 2132 1227 2197 ultima
1256 2133 1465 2219 primis
1495 2134 1746 2198 miscere
1760 2182 1779 2210 ‚
1813 2129 2017 2197 omnia
2045 2130 2430 2196 confundere.
2478 2130 2653 2193 Prae-

655 2258 818 2315 terea
863 2252 1194 2316 orationem
1225 2252 1466 2338 plenam
1496 2275 1626 2317 esse
1656 2252 2015 2336 conquisitis
2043 2250 2317 2335 undique
2346 2248 2613 2314 flosculis
2630 2297 2649 2326 ‚

654 2369 974 2434 verborum
1020 2371 1308 2456 ampullis
1353 2378 1413 2436 et
1459 2371 1748 2456 argutiis,
1789 2371 2035 2456 tragicis
2067 2370 2381 2435 sententiis
2414 2375 2475 2431 et
2503 2367 2651 2431 locis

654 2489 1076 2554 communibus
1091 2540 1110 2567 ,
1161 2512 1314 2574 quae
1358 2489 1667 2555 interdum
1712 2490 1868 2554 nihil
1914 2489 1991 2553 ad
2034 2513 2160 2554 rem
2207 2488 2530 2574 pertinent.

741 2606 1042 2693 Deinceps
1104 2607 1179 2672 ad
1241 2609 1483 2673 tertiam
1528 2616 1759 2693 partem
1776 2658 1795 2687 ‚
1844 2608 2132 2672 ultimum
2174 2608 2291 2671 iter
2336 2606 2654 2691 Syracusa·

653 2749 804 2791 num
819 2777 838 2805 ‚
896 2727 1224 2791 transitum
1284 2728 1430 2792 facit
1488 2728 1585 2792 his
1646 2728 1876 2792 verbis:
1934 2728 2247 2806 Ξυμβουλὴ
2291 2727 2398 2803 μὲν
2442 2726 2509 2801 33,
2552 2722 2651 2788 καὶ

655 2847 928 2921 ἐπιστολὴ
973 2848 1197 2925 εἰρήσθω
1243 2845 1341 2910 καὶ
1388 2849 1422 2923 ἦ
1468 2846 1633 2926 παρὰ
1680 2847 1965 2913 Διονύσιον
2008 2846 2121 2925 ἐμὴ
2166 2844 2414 2926 πρότεροι
2454 2841 2655 2923 ἄφιξις

655 2964 972 3048 (concinna
1014 2964 1336 3030 verborum
1374 2966 1668 3050 junctura
1682 2966 1752 3048 l),
1802 2968 1835 3042 ἦ
1881 2965 1939 3029 δὲ
1984 2964 2050 3040 δὴ
2097 2963 2306 3043 ὑστέραι
2350 2963 2548 3041 πορεία
2583 2986 2651 3025 τε

654 3082 754 3147 καὶ
800 3088 982 3155 πλοῦς
1027 3084 1100 3155 ὡς
1145 3083 1371 3156 εἰκότως
1417 3108 1486 3149 τε
1531 3080 1669 3161 ἅμα
1711 3082 1811 3148 καὶ
1858 3084 2127 3162 ἐμμελῶς
2173 3082 2412 3161 γέγονεν
2427 3131 2445 3163 ,
2478 3076 2520 3163 ᾧ
2549 3080 2656 3157 με’-

653 3216 754 3272 λει,
787 3199 1007 3267 ἀκούειν
1063 3200 1252 3278 ἔξεο-τι
1308 3206 1376 3267 τὸ
1433 3204 1597 3281 μετὰ
1656 3207 1840 3268 τοῦτο.
1888 3224 1947 3287 p:
1996 3204 2121 3268 337
2172 3200 2244 3265 Ε.
2336 3198 2480 3263 Non
2526 3200 2656 3263 sine

655 3320 887 3385 ratione
933 3319 1132 3385 addit:
1181 3343 1383 3405 „quae
1413 3320 1623 3385 audiat
1654 3321 1755 3385 cui
1785 3320 1958 3386 lubet
1969 3320 2031 3399 ;”
2076 3320 2293 3384 Dionis
2326 3318 2655 3383 amicorum

655 3438 719 3502 in
764 3462 1045 3524 praesens
1090 3462 1306 3525 parum
1351 3462 1494 3505 sane
1538 3441 1828 3505 intererat
1870 3441 1989 3505 ista
2033 3439 2260 3504 audire.

749 3677 873 3743 HI.
943 3676 1168 3743 Narrat
1224 3679 1414 3765 igitur
1459 3679 1685 3763 quibus
1728 3678 2067 3743 rationibus
2113 3675 2414 3740 adductus
2460 3674 2539 3737 sit
2582 3679 2655 3738 ut

657 3796 906 3861 tertium
949 3795 1108 3860 illud
1151 3797 1268 3861 iter
1312 3797 1662 3882 susciperet.
1754 3795 2146 3861 Increbuerat
2187 3794 2348 3857 fama
2364 3842 2383 3870 ‚
2429 3791 2657 3876 Diony-

657 3915 817 3979 sium
875 3914 1127 4000 flagrare
1183 3938 1395 3979 rursus
1457 3937 1657 3979 amore
1700 3913 2149 3999 philosophiae:
2196 3914 2268 3984 ὡς
2314 3910 2651 3987 θαυμαστὸν

659 4028 788 4099 ὅσον
847 4033 1130 4106 Διονύσιος
1175 4034 1517 4106 ἐπιδεδωκὼς
1561 4032 1645 4110 εἴη
1698 4033 1834 4115 πρὸς
1878 4031 2249 4114 φιλοσοφίαν.
2298 4052 2357 4114 p.
2406 4030 2532 4091 339
2580 4025 2653 4091 Β.

563 4164 566 4167 ’
659 4150 879 4236 Itaque
923 4152 1309 4216 hortantibus
1355 4152 1561 4215 amicis
1577 4200 1597 4229 ,
1636 4152 1701 4215 in
1730 4151 1825 4214 his
1856 4149 2053 4214 Dione
2084 4156 2145 4213 et
2174 4146 2443 4231 Archyta
2456 4194 2476 4223 ,
2508 4144 2658 4209 invi-
