3025 5067
1645 424 1769 484 154

1672 569 1698 600 θ

693 629 790 693 καὶ
836 635 936 696 τοῦ
974 631 1114 705 ἐμοῦ
1147 629 1362 709 πατρὸς
1391 678 1404 692 .
1435 680 1448 694 .
1479 679 1494 694 .
1513 679 1531 706 ,
1573 630 1824 709 δεύτερον
1870 629 1927 694 δὲ
1958 629 2024 705 δὴ
2056 630 2298 694 ποιεῖσθε
2320 629 2587 706 βασιλέα
2613 631 2713 694 τὸν
2760 648 2766 654 ·

690 751 772 828 τῷ
808 748 915 825 μὲν
951 749 1067 827 ἐμῷ
1107 747 1284 828 πατρὶ
1322 748 1535 813 ταύτὸν
1566 747 1908 824 κεκτημένον
1931 747 2121 824 ’ὄνομα
2159 749 2563 831 (Ἱππαρῖνον),
2592 747 2715 812 υἱὸν

694 867 754 930 δὲ
787 867 1104 944 Διονυσίου,
1137 865 1312 946 χάριν
1336 875 1438 941 τῆς
1460 891 1529 930 τε
1554 867 1619 936 δὴ
1644 872 1737 931 νῦν
1762 866 2029 944 βοηθείας
2047 867 2145 931 καὶ
2173 865 2323 932 ὁσίου
2346 865 2551 944 τρόπου
2572 916 2587 931 .
2620 915 2636 931 .
2655 919 2668 931 .
2694 917 2712 943 ,

693 983 874 1065 τρίτου
933 985 990 1049 δὲ
1016 1036 1028 1048 .
1057 1033 1072 1048 .
1101 1032 1115 1048 .
1182 985 1466 1050 Διονύσιον
1526 985 1622 1048 τὸν
1685 985 2007 1058 Διονυσίου,
2073 984 2174 1048 ἐὰν
2233 982 2395 1064 ἐθέλῃ
2448 985 2585 1048 ἑκὼν
2632 985 2713 1054 εἰς

649 1104 986 1181 Ιβασιλέως
1047 1113 1264 1184 σχῆμα
1325 1102 1839 1168 ἀπαλλάττεσθαι.
1902 1127 1960 1188 p.
2031 1104 2158 1166 355
2223 1103 2295 1166 E.
2338 1125 2426 1187 sq.
2517 1101 2715 1166 Totus

698 1222 798 1286 hio
841 1222 1012 1286 loous
1059 1223 1148 1286 ita
1191 1229 1574 1309 comparatus
1622 1230 1713 1286 est
1758 1229 1829 1286 ut
1877 1223 2155 1306 ineptum
2199 1221 2501 1285 rhetorem
2534 1220 2717 1284 facile

697 1348 932 1426 arguat.
973 1341 1178 1406 Primo
1203 1342 1430 1406 scilicet
1454 1341 1589 1405 loco
1615 1341 1735 1405 Dio
1758 1339 2145 1406 commendat
2166 1359 2345 1404 suum
2368 1339 2582 1416 filium,
2604 1339 2717 1403 ille

697 1483 880 1545 quem
927 1459 1156 1525 ἄπαιδα
1199 1467 1508 1524 mortuum
1557 1479 1686 1524 esse
1708 1467 1947 1524 constat
1964 1487 1983 1536 3
2019 1461 2061 1544 l)
2102 1459 2367 1524 secundo
2391 1458 2526 1522 loeo
2560 1457 2719 1542 Hip-

701 1581 1010 1666 parinum,
1058 1580 1252 1643 filium
1301 1579 1579 1664 Dionysii
1628 1579 1905 1656 maioriS,
1940 1579 2016 1643 de
2047 1601 2170 1663 quo
2201 1578 2383 1642 modo
2415 1577 2714 1653 vidimus,

701 1700 801 1762 oui
845 1699 1102 1784 scriptor
1145 1718 1271 1762 non
1318 1698 1497 1762 aliam
1545 1697 1621 1762 ob
1669 1719 1915 1762 causam
1962 1697 2259 1762 secundos
2306 1697 2565 1760 honores
2608 1695 2719 1758 tri-

700 1817 902 1882 buisse
963 1817 1236 1896 videtur,
1299 1819 1418 1881 nisi
1479 1817 1647 1902 quod
1705 1817 2065 1903 expellendo
2130 1815 2445 1901 Callippn,
2494 1813 2717 1876 Dionis

699 1937 1082 2017 interfectore
1096 1987 1114 2014 ,
1177 1937 1352 2020 quasi
1400 1935 1563 2000 ultor
1608 1936 1791 2000 huius
1838 1935 2039 2000 caedis
2086 1935 2433 1999 exstitisset.
2504 1932 2718 1996 Tertio

698 2055 834 2119 loco
878 2041 1278 2140 Dionysium,
1325 2062 1653 2138 tyrannum
1696 2075 1885 2138 regno
1931 2053 2211 2139 pulsum,
2264 2075 2404 2116 eum
2428 2050 2717 2114 videlieet

699 2196 880 2258 quem
933 2173 1011 2238 ob
1075 2173 1403 2238 dissolutos
1458 2193 1655 2238 mores
1701 2181 1762 2237 et
1808 2172 2124 2258 perfidiam
2170 2172 2292 2235 Dio
2337 2169 2549 2234 oderat
2589 2191 2719 2232 ma-

699 2293 858 2356 xime
920 2301 980 2357 et
1023 2299 1439 2356 contemserat.
1532 2291 1823 2377 Ignarum
1870 2290 2139 2375 profecto
2184 2289 2372 2354 fuisse
2418 2295 2501 2380 et·
2523 2287 2720 2350 homi-

700 2435 849 2477 num
897 2420 958 2476 et
1000 2419 1344 2496 temporum
1377 2419 1619 2495 oportet
1664 2411 1771 2495 qui
1816 2410 1965 2475 talia
2008 2409 2261 2474 suadere
2308 2407 2531 2494 potuit.

787 2707 863 2771 In
887 2707 1095 2771 eadem
1117 2729 1255 2772 vero
1281 2706 1537 2791 epistola
1566 2705 1773 2790 (VIII)
1788 2715 2157 2770 memoratur
2178 2705 2409 2768 factum
2432 2725 2507 2766 ex
2529 2703 2720 2766 histo-

698 2827 790 2891 ria
849 2826 1278 2912 Syracusarum
1338 2834 1559 2891 notatu
1619 2826 1893 2911 dignum.
1986 2825 2274 2909 Loquens
2336 2823 2413 2887 de
2484 2822 2719 2907 origine

699 2945 1037 3030 tyrannidis
1083 2944 1245 3030 apud
1289 2944 1699 3031 Syracusanos
1716 2994 1733 3022 ‚
1783 2945 1933 3009 dicit
1978 2945 2134 3008 hanc
2180 2943 2526 3008 institutam
2583 2964 2720 3005 esse

702 3065 818 3131 τόθ’
882 3063 976 3130 ὅτε
1036 3065 1275 3138 κίνδυνος
1337 3065 1563 3143 ἐγένετο
1622 3064 1879 3146 ἔσχατος
1943 3063 2185 3146 Σικελία
2228 3073 2301 3142 τῇ
2347 3067 2458 3126 τῶν
2503 3061 2722 3135 Ἐλλή-

705 3207 840 3266 νων,
933 3185 1040 3249 ὑπὸ
1108 3184 1504 3263 Καρχηδονίων
1578 3181 1909 3254 άνάστατον
1976 3180 2109 3257 ὅλην
2175 3179 2725 3261 ἐκβαρβαρωθεῖσαν

705 3302 1004 3379 γενέσθαι·
1067 3302 1203 3367 τότε
1261 3303 1380 3381 γάρ
1440 3298 1652 3366 εἵλοντο
1712 3301 1995 3366 Διονύσιον
2039 3301 2144 3378 μὲν
2190 3302 2262 3371 ὦς
2310 3299 2426 3364 νέον
2471 3295 2569 3362 καὶ
2616 3320 2724 3374 πο-
2780 3375 2789 3382 ,

705 3420 942 3496 λεμικὸυ
999 3419 1098 3484 ἐπὶ
1157 3419 1268 3492 τας
1327 3425 1426 3484 τοῦ
1495 3418 1751 3494 πολέμου
1820 3418 2150 3498 πρεπούσας
2218 3418 2377 3497 αὐτῷ
2446 3413 2687 3495 πράξεις
2701 3464 2722 3494 ,

705 3537 1036 3617 ξύμβουλον
1081 3538 1139 3604 δὲ
1182 3537 1280 3602 καὶ
1328 3537 1711 3618 πρεσβύτερον
1756 3539 2078 3617 Ἱππαρῖνον
2094 3586 2111 3619 ,
2178 3535 2279 3600 »ἐπὶ
2324 3533 2573 3614 σωτηρίᾳ
2615 3542 2725 3608 τῆς

711 3657 985 3729 Σικελίας
1003 3706 1021 3734 ,
1099 3657 1552 3738 αὐτοκράτορας,
1623 3655 1694 3728 ὥς
1753 3663 1939 3740 φασι,
2010 3654 2305 3736 τυράννους
2353 3650 2728 3732 ἐτι-ονομάζῡνὁ

779 4036 828 4095 1)
877 4034 949 4082 De
982 4032 1154 4082 Dionis
1185 4031 1314 4090 mio,
1345 4047 1489 4095 quem
1523 4034 1634 4094 post
1668 4044 1831 4078 necem
1864 4027 2023 4076 mariti
2058 4027 2201 4075 Arete
2234 4025 2284 4074 in
2304 4041 2490 4074 carcero
2506 4024 2726 4090 peperit,

713 4134 762 4179 et
808 4130 889 4193 qui
934 4129 1066 4178 brevi
1107 4133 1217 4192 post
1260 4143 1369 4177 eum
1403 4131 1557 4176 matre
1589 4126 1639 4174 in
1674 4139 1804 4174 mare
1835 4122 2174 4188 praecipitatus
2209 4125 2281 4170 est
2315 4120 2465 4182 (Plut.
2499 4120 2648 4170 Dion.
2684 4139 2731 4171 e.

718 4225 831 4287 58),
865 4225 1072 4289 cogitare
1105 4224 1242 4292 plane
1275 4224 1504 4272 absonum
1541 4222 1691 4280 foret,
1726 4223 1782 4270 ut
1816 4223 1944 4270 recte
1972 4218 2156 4283 judicat
2190 4217 2443 4276 Salomon,
2478 4231 2527 4280 p.
2563 4216 2645 4266 25.
