3025 5067
1716 408 1793 469 18

736 624 857 694 tur,
893 640 995 693 ea,
1029 623 1100 680 ut
1132 616 1328 681 verbis
1361 623 1501 679 utar
1534 614 1928 679 Tiedemanni
1948 663 1967 692 ,
1999 614 2121 692 „de
2146 614 2449 678 industria
2474 613 2759 677 videntur

731 743 902 798 tanta
948 735 1270 799 verborum
1317 734 1691 799 obscuritate
1725 756 1854 796 esse
1886 733 2197 810 involuta,
2232 739 2305 796 ut
2338 733 2439 795 vix
2483 730 2760 815 Oedipus

736 876 944 917 verum
984 854 1294 938 scriptoris
1349 875 1593 917 sensum
1641 851 1783 915 inde
1831 852 2024 936 possit
2071 850 2346 915 elicere.”
2379 852 2421 933 ¹)

827 973 910 1034 At
971 981 1115 1035 sunt
1177 972 1321 1036 item
1367 972 1434 1034 in
1481 970 1759 1055 Epistola
1806 969 1875 1033 II
1924 992 2079 1053 quae
2113 992 2148 1033 a
2180 968 2308 1032 VII
2338 968 2507 1032 haud
2541 990 2762 1052 parum

733 1090 1096 1174 discrepant.
1191 1090 1461 1175 Scriptor
1523 1112 1715 1173 quum
1772 1088 1837 1151 id
1896 1089 2157 1152 maxime
2216 1088 2511 1173 Dionysio
2593 1109 2762 1171 prae-

733 1209 932 1293 cipere
1000 1208 1178 1286 velit,
1239 1216 1358 1280 πῶς
1417 1210 1506 1271 δεῖ
1547 1208 1683 1287 πρὸς
1729 1208 2021 1282 ἀλλήλους
2079 1210 2239 1285 ἡμᾶς
2287 1209 2444 1287 ἔχειν
2491 1207 2571 1289 (p.
2626 1208 2755 1267 310

737 1327 829 1403 D,
887 1330 1012 1389 312
1068 1326 1156 1404 Β,
1224 1330 1350 1390 313
1408 1325 1513 1410 O),
1576 1325 1845 1389 ostendit
1914 1325 2101 1389 talem
2154 1347 2282 1388 esse
2344 1324 2553 1387 decere
2600 1323 2763 1406 ipso-

734 1470 870 1510 rum
917 1446 1454 1523 consuetudinem,
1506 1447 1662 1510 nihil
1714 1453 1780 1509 ut
1823 1446 1889 1509 in
1936 1468 2005 1509 ea
2050 1444 2622 1529 reprehendendum
2654 1442 2761 1505 ha-

738 1565 874 1629 beat
920 1566 1259 1651 posteritas,
1317 1564 1538 1648 Itaque
1576 1566 1823 1629 remotis
1862 1564 2313 1649 suspicionibus
2355 1545 2760 1647 quibusdam,

737 1706 892 1768 quae
939 1708 1045 1770 per
1091 1685 1558 1747 calumniatores
1604 1685 1764 1747 inter
1808 1684 2012 1768 ipsum
2059 1692 2119 1746 et
2160 1681 2524 1767 Dionysium
2570 1682 2757 1743 inter-

738 1804 1058 1867 cessissent
1104 1826 1172 1866 ac
1217 1810 1469 1866 mutuae
1516 1801 1973 1865 benevolentiae
2021 1800 2231 1865 obesse
2270 1800 2652 1876 viderentur,
2689 1800 2753 1863 in

737 1921 972 2005 reliqua
1029 1921 1284 2006 epistola
1337 1920 1511 1985 nulla
1573 1920 1833 2005 amplius
1896 1920 2224 1983 simultatis
2279 1919 2535 2003 vestigia
2569 1941 2759 2003 appa-

736 2048 873 2103 rent
881 2066 900 2116 3
941 2039 1153 2102 laudat
1199 2046 1409 2103 contra
1453 2039 1736 2123 Dionysii
1792 2038 2065 2102 studium
2116 2038 2449 2123 sapientiae
2489 2060 2759 2119 eumque

738 2165 808 2220 ut
855 2158 1084 2221 amicus
1132 2158 1394 2221 amicum
1440 2157 1700 2243 impellit
1746 2164 1805 2221 et
1850 2157 2130 2220 hortatur
2162 2155 2238 2219 ad
2280 2154 2759 2240 philosophiam.

738 2276 906 2339 Haec
966 2298 1354 2360 nequaquam
1415 2276 1719 2359 quadrant
1779 2294 1915 2340 cum
1979 2274 2258 2359 Epistola
2303 2273 2463 2350 VII,
2524 2274 2589 2336 in
2638 2296 2766 2357 qua

736 2418 859 2459 non
921 2397 1037 2460 nisi
1101 2418 1240 2460 cum
1285 2392 1597 2459 contemtu
1644 2396 1719 2459 de
1764 2394 2047 2479 Dionysii
2092 2392 2313 2458 studiis
2360 2392 2638 2476 loquitur
2696 2400 2760 2455 et

735 2513 920 2576 talem
967 2536 1108 2597 erga
1152 2520 1478 2598 tyrannum
1528 2514 1795 2577 ostendit
1826 2514 2097 2577 animum
2112 2561 2131 2590 ,
2181 2518 2253 2575 ut
2284 2505 2406 2574 non
2440 2509 2762 2594 probabile

737 2633 819 2695 sit
856 2632 1054 2696 ullum
1095 2632 1355 2717 amplius
1395 2634 1556 2696 inter
1594 2656 1695 2696 eos
1720 2655 1848 2696 esse
1872 2632 2145 2717 potuisse
2176 2629 2571 2715 epistolarum
2595 2651 2761 2692 com-

738 2752 1048 2815 mercium.
1085 2750 1410 2830 Quomodo
1437 2751 1511 2815 ab
1537 2774 1662 2814 uno
1686 2751 1932 2815 homine
1957 2758 2083 2813 tam
2108 2748 2518 2833 discrepantia
2545 2747 2765 2825 scribi,

735 2870 918 2932 immo
966 2870 1116 2953 fingi
1160 2868 1542 2953 potuerunt?
1589 2870 1943 2953 praesertim
1989 2890 2177 2951 quum
2214 2866 2423 2930 ambae
2457 2865 2757 2950 epistolae

732 3010 881 3064 non,
909 2994 981 3050 ut
1005 2986 1308 3072 Wiegand
1333 2988 1637 3072 opinatur,
1664 2987 1915 3050 diversis
1940 2985 2317 3071 temporibus
2336 3034 2352 3061 ,
2385 2982 2434 3068 2)
2466 2984 2571 3047 sed
2596 2986 2769 3049 circa

804 3144 852 3205 1)
888 3144 994 3193 vid.
1045 3144 1172 3193 Plat.
1213 3144 1387 3208 dialog.
1433 3160 1617 3208 argum.
1662 3161 1709 3209 p.
1758 3142 1846 3194 ult.
1893 3144 2078 3193 Laudat
2124 3144 2239 3191 haec
2287 3140 2548 3206 Wiegand,
2598 3142 2770 3206 Symb.

737 3238 860 3289 erit.
895 3239 945 3287 in
981 3239 1106 3289 Plat.
1138 3240 1229 3303 Ep.
1269 3240 1340 3289 ΙΙ.
1374 3254 1423 3303 p.
1460 3240 1541 3289 16.

805 3334 857 3395 2)
891 3333 1121 3396 Wiegand
1164 3334 1216 3383 11.
1251 3350 1298 3398 p.
1331 3336 1380 3383 4.
1449 3334 1657 3383 Notetur
1708 3333 1785 3381 hic
1832 3333 1882 3381 in
1916 3332 2123 3381 transitu
2156 3348 2289 3381 error
2318 3330 2615 3396 Wiegandii:
2650 3346 2700 3394 p.
2740 3332 2773 3379 6

735 3430 940 3478 affirmat
991 3428 1132 3477 verba
1175 3445 1294 3493 quae
1337 3429 1563 3492 leguntur
1597 3446 1647 3494 p.
1680 3430 1777 3477 310
1812 3428 1879 3487 Β,
1915 3433 1997 3479 τοῦ
2042 3430 2237 3497 φλαῦρόν
2281 3448 2328 3479 τι
2375 3431 2517 3492 λέγειν
2561 3431 2591 3485 ἢ
2623 3434 2777 3477 ποιεῖν

734 3527 843 3592 περὶ
877 3528 954 3575 σοῦ
988 3540 1251 3583 „consensu
1286 3525 1438 3573 totius
1471 3523 1803 3587 antiquitatis’'
1839 3524 2085 3573 referenda
2119 3538 2218 3572 esse
2253 3523 2311 3571 ad
2346 3522 2634 3586 Dionysium
2665 3538 2775 3571 ma-

734 3635 917 3688 iorem,
963 3636 1057 3667 non
1109 3619 1167 3668 ad
1213 3619 1344 3669 illius
1389 3619 1575 3678 filium,
1620 3623 1679 3667 ut
1722 3619 1777 3667 fit
1808 3620 1857 3667 in
1892 3618 2134 3683 Epistola3
2171 3618 2289 3667 citat
2322 3621 2484 3667 autem
2526 3617 2669 3680 Diog.
2708 3616 2768 3665 L.

734 3714 846 3771 111,
895 3714 974 3763 21.
1057 3714 1205 3777 Atqui
1265 3713 1390 3779 apud
1441 3714 1684 3763 Plutarch.
1729 3710 1871 3764 Dion.
1918 3731 1959 3763 c.
2009 3714 2097 3771 16,
2133 3712 2392 3777 Dionysius
2437 3728 2535 3761 non
2582 3715 2725 3775 pater
2747 3750 2762 3770 ,

738 3810 818 3858 sed
865 3809 1021 3868 filius,
1072 3809 1325 3860 Platonem
1371 3828 1398 3859 a
1435 3810 1643 3859 secundo
1676 3809 1847 3859 itinere
1884 3825 2125 3859 reversum
2160 3812 2265 3857 orat
2291 3812 2484 3875 ἡσυχίαν
2518 3814 2649 3873 ἄγειν
2684 3813 2769 3860 καὶ

735 3906 878 3971 μηδὲν
921 3908 1197 3974 νεωτερίζειν
1240 3907 1360 3972 μηδὲ
1403 3910 1693 3975 βλασφημεῖν
1734 3904 1836 3957 κατ’
1874 3910 2012 3957 αὐτοῦ
2063 3910 2175 3975 πρὸς
2220 3908 2323 3963 τοὺς
2350 3900 2580 3964 Ἐλληνας.
2654 3904 2768 3953 Hoc

743 4004 800 4049 ut
841 4000 1116 4061 credamus,
1156 4006 1342 4066 praeter
1374 4001 1623 4050 Plutarchi
1657 4005 1705 4051 et
1737 4001 1980 4066 Epistolae
2026 4000 2359 4049 auctorit-atem
2412 4000 2579 4049 suadet
2625 4000 2768 4049 nobis

742 4096 989 4160 utriusque
1036 4097 1256 4162 Dionysii
1304 4097 1510 4153 indoles,
1561 4114 1645 4145 nec
1681 4098 1837 4145 minus
1878 4096 2051 4145 Lacr-tii
2086 4096 2376 4160 negligentia
2416 4096 2467 4143 in
2500 4095 2765 4143 referendis

744 4192 959 4241 Platonis
991 4192 1260 4241 itineribus.

2975 2191 2977 2218 ι

2969 2229 2978 2267 i
