3025 5067
1671 430 1791 491 186

710 637 1126 715 προτεινόμενον
1155 639 1200 722 ¹)
1245 648 1320 720 τῇ
1365 645 1541 719 ψυχῇ
1578 638 1737 718 λόγῳ
1772 663 1840 702 τε
1876 638 1975 702 καὶ
2012 640 2147 704 κατ’
2191 639 2340 719 ἔργα
2362 639 2689 714 αἰσθήσεσιν
2707 692 2729 714 ,

707 756 1047 830 εὐέλεγκτον
1093 757 1160 820 τό
1205 781 1271 821 τε
1308 758 1623 835 λεγόμενον
1666 757 1763 821 καὶ
1804 757 2155 833 δεικνύμενον
2193 756 2283 821 aze>
2325 757 2732 837 παρεχόμενον

705 870 974 956 ἕκαστον,
1037 876 1282 955 άπορίας
1327 901 1395 940 τε
1439 875 1540 940 καὶ
1587 875 1890 957 άσαφείας
1938 875 2317 954 ἐμπίμπλησι
2365 876 2559 950 πάσης
2584 929 2602 951 ,
2648 879 2728 949 ὡς

709 994 842 1066 ἔπος
903 997 1116 1070 εἰπεῖν,
1180 994 1354 1059 πάντ’
1413 995 1630 1075 ἄνδρα,
1690 997 1748 1060 ε’ν
1806 990 1911 1060 οἷσι
1958 995 2063 1072 μὲν
2110 991 2202 1060 οὖν
2247 996 2382 1072 μηδ’
2427 995 2731 1072 εἰθισμένοι

708 1115 952 1189 τάληθὲς
1010 1113 1198 1194 ζητεῖν
1259 1113 1429 1190 ἐσμὲν
1486 1113 1595 1178 ὑπὸ
1654 1117 1897 1194 πονηράς
1966 1120 2215 1192 τροφῆς,
2283 1111 2515 1192 ἐξαρκεῖ
2552 1113 2611 1175 δὲ
2655 1113 2731 1176 τὸ

710 1234 983 1312 προταθὲν
1027 1239 1136 1297 τῶν
1181 1233 1418 1297 εἰδώλων
1437 1283 1452 1304 ,
1495 1231 2006 1309 εύκαταγέλαστοι
2032 1233 2081 1315 2)
2118 1231 2443 1308 γιγνόμεθα
2486 1233 2585 1295 ὑπ’
2609 1233 2723 1295 άλ-

607 1355 666 1419 Β
712 1352 903 1426 λήλων
919 1403 937 1435 ,
987 1353 1032 1416 οἱ
1079 1353 1415 1432 ἐρωτώμενοι
1463 1352 1572 1416 ὑπὸ
1618 1359 1729 1417 τῶν
1776 1352 2131 1433 ἐρωτώντων,
2182 1349 2499 1429 δυναμένων
2545 1351 2604 1414 δὲ
2638 1351 2733 1414 τοὶ

709 1471 964 1550 τέτταρα
1029 1471 1364 1551 διαρῤίπτειν
1423 1495 1490 1534 τε
1552 1472 1648 1535 καὶ
1699 1472 1975 1550 ἐλέγχειν
2001 1489 2016 1505 ·
2066 1472 2122 1534 ἐν
2168 1463 2245 1540 οἷς
2282 1469 2331 1532 δ’
2353 1467 2425 1533 ἂν
2463 1468 2530 1532 τὸ
2568 1468 2731 1545 πέρο-

711 1615 851 1655 πτον
886 1589 1294 1670 ἀποκρίνασθαι
1332 1591 1432 1653 καὶ
1471 1591 1672 1665 δηλοῦν
1702 1587 2162 1670 άναγκάζωμεν,
2188 1586 2577 1665 ὅβουλόμενος
2610 1591 2732 1652 τῶν

707 1709 1024 1785 δυναμένων
1083 1689 1420 1788 άνατρέπειν
1477 1717 1705 1791 κρατεῖ,
1762 1708 1861 1773 καὶ
1909 1718 2061 1773 ποιεῖ
2098 1707 2193 1773 τὸν
2232 1705 2615 1784 ἐξηγούμενον
2658 1707 2729 1770 ἐν

709 1829 901 1906 λόγοις
956 1829 988 1904 ἢ
1035 1826 1384 1906 γράμμασιν
1430 1829 1462 1902 ἢ
1508 1827 1839 1905 άποκρίσεσι
1884 1833 2003 1897 τοῖς
2052 1833 2290 1896 πολλοῖς
2337 1830 2448 1888 τῶν
2492 1823 2731 1888 άκουόνὲ-

709 1972 821 2012 των
879 1947 1053 2012 δοκεῖν
1097 1947 1271 2024 μηδὲν
1317 1946 1655 2024 γιγνώσκειν
1702 1941 1773 2008 ὧν
1820 1943 1891 2009 ἂν
1938 1947 2200 2026 ἐπιχειρῇ
2240 1943 2494 2025 γράφειν
2540 1943 2574 2017 ἢ
2620 1941 2730 2006 λέ-

710 2091 868 2149 γειν,
929 2065 1280 2144 άγνοούντων
1338 2066 1512 2130 ἐνίοτε
1566 2066 1639 2137 ὡς
1684 2067 1799 2144 οὐχ
1846 2068 1878 2140 ἦ
1924 2065 2100 2144 ψυχὴ
2147 2068 2249 2127 τοῦ
2295 2059 2636 2141 γράψαντος
2688 2061 2729 2136 ἢ

616 2188 668 2251 Ε
714 2185 988 2262 λέξαντος
1059 2184 1416 2266 ἐλέγχεται,
1475 2185 1616 2248 άλλ’
1686 2187 1719 2258 ἡ
1764 2188 1875 2247 τῶν
1922 2180 2211 2261 τεττάρων
2250 2182 2428 2262 Φύσις
2474 2179 2729 2244 ἑκάστου

407 2812 464 2873 p.
514 2790 662 2851 344.

710 2311 1010 2386 πεφυκυῖα
1055 2303 1300 2384 φαύλως
1323 2354 1337 2368 .
1365 2305 1415 2386 3)
1463 2307 1496 2379 ἡ
1544 2302 1602 2366 δὲ
1648 2303 1741 2366 δια
1787 2301 2020 2366 πάντων
2060 2303 2250 2365 αὐτῶν
2276 2301 2574 2378 διαγωγή,
2600 2296 2729 2363 ἄνω

707 2423 805 2488 καὶ
851 2421 1010 2488 κάτω
1057 2421 1504 2498 μεταβαίνουσα
1550 2421 1649 2502 ἐφ’
1697 2417 1942 2484 ἕκαστον
1960 2470 1977 2502 ,
2026 2419 2202 2496 μόγις
2246 2419 2569 2496 ἐπιστήμην
2605 2417 2729 2481 ἐνέ·

708 2569 872 2609 τεκεν
930 2538 994 2608 εὖ
1051 2543 1378 2624 πεφυκότος
1432 2539 1495 2607 εὖ
1554 2541 1883 2623 πεφυκότι·
1932 2545 2122 2610 κακῶς
2169 2538 2217 2602 δ’
2240 2537 2311 2602 ἂν
2357 2544 2480 2619 φυῇ
2500 2589 2515 2609 ,
2562 2539 2635 2608 ὡς
2688 2541 2729 2613 ἦ

709 2669 820 2728 τῶν
881 2667 1110 2728 πολλῶν
1167 2659 1280 2738 ἕξις
1335 2670 1438 2736 τῆς
1499 2667 1707 2740 ψυχῆς
1768 2659 1845 2730 εἰς
1900 2684 1967 2723 τε
2025 2659 2091 2722 τὸ
2151 2658 2356 2729 μαθεῖν
2400 2656 2479 2727 εἰς
2525 2681 2591 2720 τε
2636 2656 2731 2720 τοὶ

708 2783 1004 2860 λεγόμενα
1061 2781 1160 2856 ἤθη
1222 2780 1483 2862 πέφυκε,
1542 2778 1624 2843 τά
1679 2779 1736 2842 δὲ
1792 2775 2159 2859 διέφθαρται,
2208 2777 2319 2841 οὐδ’
2363 2775 2435 2840 ἂν
2482 2776 2509 2840 ὅ
2546 2785 2727 2850 Λυγ-

714 3058 812 3090 esse
846 3040 914 3090 nil
949 3040 1040 3089 nisi
1075 3041 1204 3089 varia
1237 3038 1379 3088 lectio
1415 3055 1457 3085 v.
1491 3042 1687 3102 βέβαιον
1720 3035 1862 3096 (sicut
1896 3049 1943 3098 p.
1980 3033 2076 3082 342
2110 3033 2151 3080 B
2186 3048 2273 3097 pro
2305 3033 2467 3090 ἀληθὲς
2498 3030 2729 3080 nonnulli

715 3137 826 3187 libri
859 3139 1072 3196 ἀληθῶς),
1109 3151 1228 3200 quae
1261 3133 1430 3183 deinde
1464 3132 1515 3180 in
1551 3135 1733 3180 textum
1768 3129 1900 3180 illata
1934 3129 2015 3178 sit.

784 3235 830 3294 1)
863 3235 891 3282 J
898 3250 1045 3297 unge:
1081 3237 1136 3284 τὸ
1168 3241 1256 3283 τῶν
1288 3237 1527 3299 τεττάρων
1558 3232 1769 3304 ἕκαστον,
1808 3233 2147 3296 προτεινόμενυν
2174 3233 2234 3284 τῆ
2268 3232 2417 3296 ψυχῇ,
2454 3229 2521 3288 μὴ
2556 3224 2734 3286 ζητοὺ-

715 3351 844 3395 μενον
887 3333 1003 3396 λόγῳ
1046 3349 1098 3379 τε
1164 3331 1239 3379 καὶ
1293 3330 1539 3382 αἰσθήσεσι.
1594 3324 1818 3372 Ceterum
1866 3338 1952 3386 pro
1986 3328 2324 3390 προτεινόμενον
2355 3319 2466 3368 libri
2499 3317 2581 3366 alii
2615 3336 2736 3386 προ-

715 3434 853 3478 τεῖνον
891 3425 972 3474 alii
1004 3431 1250 3494 πρότερον;
1284 3421 1520 3486 posterius
1555 3419 1741 3468 videtur
1774 3434 1874 3466 esse
1908 3434 1937 3466 a
1970 3415 2253 3466 correctoris
2286 3430 2447 3464 manu.
2490 3421 2736 3482 προτεῖνον

715 3523 780 3572 sie
827 3526 1020 3571 vertunt
1057 3520 1148 3582 (ed.
1189 3518 1398 3578 Didot.):
1447 3517 1593 3576 „dum
1640 3515 1799 3564 animo
1839 3530 1935 3562 non
1970 3513 2018 3560 id
2051 3512 2178 3576 quod
2211 3511 2480 3560 sciscitatur
2515 3509 2735 3558 ostendit

719 3623 822 3667 tum
875 3617 1030 3666 verbis
1079 3621 1182 3664 tum
1228 3612 1417 3662 rebus.''
1486 3614 1620 3678 Quae
1664 3611 1817 3660 versio
1860 3625 1947 3659 nee
1994 3608 2149 3656 verbis
2196 3623 2281 3656 nec
2331 3606 2489 3656 sensui
2534 3621 2737 3668 respon-

717 3714 812 3762 det.
879 3711 1075 3760 Correxi
1125 3717 1470 3779 προτεινόμενον.
1530 3707 1762 3756 Similiter
1797 3722 1905 3754 mox
1946 3709 2197 3774 προταθίν,
2234 3719 2321 3766 pro
2351 3717 2445 3765 quo
2468 3701 2577 3748 libri
2604 3715 2731 3748 non-

718 3807 838 3857 nulli
886 3807 1008 3855 male
1054 3809 1286 3873 προτεθίν.
1351 3804 1529 3852 Nostro
1572 3802 1679 3851 loco
1720 3800 1990 3850 simillimus
2036 3803 2108 3848 est
2151 3798 2233 3862 qui
2277 3797 2453 3861 legitur
2498 3795 2554 3844 de
2602 3795 2729 3858 Rep.

719 3904 840 3962 VII,
888 3919 934 3966 p.
982 3903 1073 3952 525
1120 3902 1189 3950 D:
1243 3905 1318 3951 ἐάν
1365 3921 1434 3956 τις
1467 3902 1582 3968 αὐτῇ
1616 3901 1691 3970 (τῇ
1727 3900 1865 3968 ψυχῇ)
1900 3900 2051 3966 ὁρατὰ
2080 3899 2109 3953 ἦ
2136 3900 2269 3946 ἁπτὰ
2308 3902 2505 3958 σώματα
2542 3895 2735 3958 ἔχοντας

713 4001 932 4068 ἀριθμοὺς
961 4003 1298 4066 προτεινόμενος
1330 3997 1609 4062 διαλέγηται.
1676 3994 1753 4044 Ct'.
1788 3994 1845 4043 de
1879 3993 2023 4058 Legg.
2059 3991 2115 4050 X,
2150 4007 2197 4054 p.
2234 3991 2327 4039 895
2365 3990 2423 4037 D.
