3025 5067
1265 421 1388 486 173

295 625 371 688 in
416 625 765 712 Aegyptum
810 649 844 691 e
889 628 1074 692 simili
1128 649 1372 692 causam
1416 629 1629 693 fictum
1674 651 1822 693 esse.
1914 628 2114 694 Nemo
2160 630 2320 695 enim

295 745 580 828 ignorat,
628 755 860 831 quanto
902 746 1108 812 studio
1148 747 1547 812 Alexandrini
1578 749 1895 812 ostendere
1926 750 2129 814 conati
2159 750 2315 829 sint,

298 865 503 927 omnis
543 864 914 930 Graecorum
935 877 946 888 ”
968 866 1365 930 humanitatis
1412 874 1472 930 et
1512 867 1843 951 sapientiae
1874 869 2223 953 Aegyptum
2254 876 2315 932 et

303 980 624 1047 Orientem
671 985 847 1068 quasi
891 984 1264 1049 incunabula
1309 985 1515 1048 fuisse.
1546 985 1594 1068 l)

396 1100 614 1186 Neque
663 1125 804 1168 vero
835 1104 912 1168 iis
943 1104 1052 1189 qui
1080 1103 1354 1168 Platonis
1385 1103 1746 1189 sapientiam
1768 1103 1845 1168 ab
1869 1102 2139 1168 Orientis
2160 1124 2317 1168 com-

302 1222 530 1286 mercio
584 1230 854 1309 repetere
884 1223 1111 1288 vellent
1127 1273 1144 1302 ,
1171 1223 1398 1288 indicia
1419 1223 1627 1287 deesse
1655 1230 1938 1309 poterant
1966 1223 2131 1288 unde
2162 1224 2315 1287 eius·
2336 1238 2381 1256 ⁸

301 1340 476 1404 modi
535 1342 687 1425 quid
733 1341 1052 1406 efficerent.
1146 1341 1224 1405 In
1268 1341 1597 1406 Phaedone
1638 1364 1699 1427 p.
1754 1343 1833 1406 78
1882 1341 2165 1406 audimus
2210 1340 2316 1405 So-

307 1466 539 1524 cratem
609 1460 688 1524 ad
755 1462 976 1525 amicos
994 1511 1011 1538 ,
1077 1461 1186 1545 qui
1231 1460 1568 1525 discessum
1614 1461 1744 1525 eius
1790 1459 2117 1544 lugebant,
2165 1459 2315 1524 haec

307 1578 642 1644 dicentem:
693 1582 884 1656 πολλὴ
931 1581 1036 1658 μὲν
1085 1583 1118 1656 ἦ
1164 1579 1386 1653 Ἑλλάς
1406 1632 1422 1654 ,
1471 1577 1512 1644 ὦ
1559 1580 1751 1658 Κέβης
1770 1632 1789 1655 ,
1836 1581 1893 1644 ἐν
1938 1577 1975 1662 ᾗ
2018 1581 2185 1645 ἔνεισί
2206 1603 2317 1645 που

299 1699 518 1775 ἀγαθοὶ
563 1696 758 1779 ἄνδρες
775 1749 794 1782 ,
840 1701 1040 1764 πολλὰ
1084 1700 1142 1764 δὲ
1187 1700 1284 1764 καὶ
1330 1701 1413 1765 τοὶ
1456 1705 1569 1764 τῶν
1612 1699 1927 1779 βαρβάρων
1970 1701 2110 1776 γένη
2126 1747 2145 1782 ,
2192 1692 2315 1773 οὓς

303 1814 595 1889 πάντας
655 1819 798 1897 χρὴ
859 1817 1342 1897 διερευνᾶσθαι
1403 1817 1718 1899 ζητοῦντας
1778 1822 2024 1882 τοιοῦτον
2068 1816 2312 1897 ἐπῳδόν,

300 1935 462 2013 μήτε
506 1935 829 2016 χρημάτων
871 1935 1237 2017 φειδομένους
1281 1937 1435 2013 μήτε
1474 1937 1675 2003 πόνων.
1724 1934 1937 2015 Quum
1960 1935 2136 2000 Plato
2167 1936 2317 2000 haec

301 2052 615 2118 Socratem
677 2053 913 2137 aliquot
968 2055 1142 2119 annis
1201 2064 1341 2141 post
1401 2055 1533 2119 eius
1577 2061 1837 2119 mortem
1883 2054 2187 2119 dicentem
2230 2054 2315 2118 fa-

303 2172 423 2248 cit,
492 2179 698 2257 posset
765 2171 986 2257 aliquis
1048 2143 1285 2258 opinari
1345 2196 1486 2238 eum
1556 2173 1916 2258 magistrum
1981 2194 2162 2236 suum
2230 2172 2320 2236 in-

305 2289 558 2354 duxisse
617 2290 683 2353 id
743 2290 1132 2369 suadentem,
1181 2290 1348 2375 quod
1407 2292 1538 2376 ipse
1592 2297 1803 2376 postea
1847 2313 1988 2355 cum
2034 2291 2169 2354 aliis
2214 2289 2319 2354 So·

304 2409 492 2472 cratis
553 2407 868 2494 discipulis
931 2410 1171 2473 fecisset
1183 2437 1202 2488 3
1266 2432 1462 2494 neque
1524 2409 1589 2475 id
1646 2417 1802 2474 esset
1848 2410 2160 2475 absonum.
2253 2408 2318 2473 Si

301 2535 513 2592 tamen
594 2534 948 2613 reputamus
1015 2527 1324 2593 Socratem
1391 2529 1585 2594 facete
1645 2534 1707 2592 et
1765 2529 1993 2593 ironice
2068 2528 2170 2592 hic
2232 2527 2319 2592 lo-

301 2647 451 2730 qui,
520 2646 894 2733 probabilius
963 2654 1054 2712 est
1095 2669 1298 2712 veram
1343 2654 1405 2712 et
1448 2646 1711 2712 Socratis
1764 2655 1826 2713 et
1868 2648 2063 2733 ipsius
2112 2646 2317 2712 Plato-

301 2766 404 2830 nis
463 2772 727 2830 mentem
783 2788 1125 2852 expressam
1181 2789 1310 2831 esse
1368 2766 1464 2831 his
1520 2766 1715 2831 verbis
1763 2788 1918 2851 quae
1964 2765 2173 2830 statim
2216 2764 2318 2829 ad·

310 2884 443 2949 dit:
481 2883 670 2966 ζητεῑν
708 2883 768 2948 δὲ
810 2887 927 2966 χρὴ
971 2885 1070 2950 καὶ
1119 2885 1374 2957 αὐτοὺς
1421 2887 1574 2962 μετ’
1617 2885 1982 2961 ἀλλήλων·
2028 2881 2161 2956 ἴσως
2200 2884 2317 2966 γὰρ

305 3002 385 3070 ἂν
427 3003 552 3069 οὐδὲ
593 3003 791 3084 ῥαδίως
836 3002 1046 3083 εὕροιτε
1089 3007 1322 3082 μᾶλλον
1359 3003 1516 3081 ὑμῶν
1552 3003 1893 3082 δυναμένους
1929 3009 2097 3070 τοῦτο
2120 3011 2316 3070 ποιεῖν.

307 3121 622 3200 „Maxime
681 3143 823 3186 vero
882 3128 1082 3186 vestro
1143 3123 1209 3186 in
1265 3129 1442 3186 coetu
1503 3122 1775 3207 quaerite
1835 3121 2015 3187 talem
2072 3121 2314 3203 ἐπῳδόνε

307 3241 565 3305 fortasse
611 3240 774 3304 enim
817 3240 1121 3305 neminem
1167 3241 1342 3305 facile
1386 3241 1709 3306 inveniatis
1726 3289 1745 3320 ‚
1787 3240 1894 3325 qui
1925 3264 1995 3304 ea
2026 3241 2317 3304 facultate

306 3359 504 3444 magis
551 3380 734 3444 quam
781 3380 887 3422 vos
932 3359 1192 3446 valeat.''

398 3479 486 3542 At
560 3484 871 3563 praeterea
929 3499 1056 3543 non
1108 3479 1286 3563 pauci
1349 3485 1505 3543 sunt'
1554 3477 1674 3542 loci
1732 3477 1800 3541 in
1855 3477 2147 3555 Platone,
2210 3476 2319 3542 ubi

307 3596 688 3661 Phoenicum
702 3645 721 3674 ‚
784 3595 1104 3662 Persarum
1121 3647 1138 3675 ,
1199 3598 1639 3683 Aegyptiorum
1685 3597 2063 3682 aliarumque
2108 3597 2317 3662 barbae

309 3737 516 3779 rarum
562 3715 836 3801 gentium
881 3715 1111 3780 mentio
1156 3716 1243 3780 fit.
1291 3715 1671 3780 Phoenicum
1707 3715 2021 3799 ingenium
2053 3714 2322 3779 declarat

311 3831 389 3896 de
434 3831 585 3918 Rep.
626 3831 740 3911 IV,
788 3855 849 3917 p.
883 3835 1012 3896 436
1060 3834 1136 3896 A.
1226 3831 1320 3896 De
1365 3832 1686 3897 Persarum
1716 3832 2017 3897 institutis
2047 3831 2322 3917 loquitur

381 4120 430 4182 1)
463 4120 540 4170 Cf.
573 4120 831 4185 scriptores
861 4119 995 4169 citati
1028 4120 1088 4169 ab
1123 4121 1396 4170 Hermanno
1429 4119 1480 4169 ll.
1516 4137 1563 4184 p.
1601 4119 1724 4178 112,
1764 4123 1865 4168 not.
1902 4118 2013 4178 112,
2048 4123 2097 4168 et
2128 4135 2177 4184 p.
2198 4120 2318 4179 114,

314 4219 419 4267 not.
455 4215 568 4265 125.
