3025 5067
1299 422 1383 485 45

330 629 797 714 repetitionibus
843 637 904 694 et
949 630 1232 695 inanibus
1277 630 1471 695 verbis
1526 638 1801 696 scateret.
1894 632 2130 697 Deinde
2178 632 2338 717 pleo-

297 744 581 812 'nasmus
628 756 719 813 est
763 748 963 813 denuo
1009 750 1075 813 in
1117 748 1301 813 verbo
1344 748 1580 827 οἴεσθαι,
1639 749 1803 834 quod
1851 752 2195 836 appositum
2244 758 2336 814 est

331 867 630 932 vocabulo
690 867 878 945 δόξαν.
971 866 1208 932 Similes
1269 867 1515 951 quidem
1576 869 1910 953 pleonasmi
1966 870 2030 939 in
2083 869 2339 933 Platone

331 986 643 1051 interdum
704 994 1031 1051 occurrunt
1045 1036 1064 1063 ,
1127 986 1234 1051 sed
1285 987 1374 1050 ita
1433 993 1507 1051 ut
1562 986 1639 1050 ad
1691 988 2180 1074 perspicuitatem
2236 988 2340 1051 ali-

333 1104 485 1188 quid
529 1106 868 1183 conferant‚
901 1105 1070 1169 velut
1107 1105 1172 1169 111
1209 1104 1479 1190 Euthyd.
1513 1130 1573 1191 p.
1615 1108 1743 1169 305
1784 1107 1870 1170 D:
1908 1109 2181 1183 ἡγοῦνται
2221 1104 2334 1183 οὖν,

335 1221 439 1286 εὀὶν
482 1224 711 1296 τούτους
756 1225 833 1295 εἷς
879 1222 1096 1299 δόξαν
1130 1224 1573 1299 καταστήσωσι,
1617 1223 1850 1301 μηδενὸς
1892 1224 2111 1289 δοκεῖν
2146 1223 2337 1301 ἀξίους

331 1337 475 1406 εἶναι
509 1342 586 1426 ¹):
635 1342 743 1406 ubi
788 1342 841 1405 si
885 1342 1061 1406 δοκεῖν
1105 1342 1377 1421 tollitur,
1424 1342 1739 1407 obscurior
1776 1343 1846 1407 fit
1877 1342 2206 1421 sententia;
2239 1342 2340 1405 hic

334 1466 546 1523 contra
602 1457 810 1525 οἴεσθαι
869 1461 1292 1546 perspicuitati
1338 1462 1527 1525 officit
1570 1462 1775 1547 potius
1822 1483 2004 1545 quam
2057 1460 2304 1546 prodest
2317 1510 2336 1540 ,

333 1602 446 1643 nec
485 1580 846 1665 elegantiam
891 1588 1076 1665 auget
1119 1581 1559 1645 infinitivorum
1604 1580 1940 1645 cumulatio
1984 1578 2193 1646 οἴεσθαι
2225 1581 2339 1645 δεῖν

333 1695 494 1764 εἶναι.
570 1697 841 1764 Similem
887 1700 1309 1785 pleonasmum
1355 1701 1702 1764 notavimus
1747 1699 1929 1764 modo
1972 1700 2141 1764 verbi
2186 1701 2333 1776 δεῖνς,

333 1840 410 1880 011
455 1817 572 1881 alia
617 1817 914 1902 quaedam
963 1818 1267 1903 exempla:
1315 1841 1375 1902 p.
1410 1820 1537 1882 328
1570 1818 1658 1882 B:
1707 1816 1857 1897 ὅμως
1888 1817 2085 1899 ἔρρεψε
2114 1818 2226 1883 δεῖν
2247 1868 2261 1883 .
2282 1867 2296 1881 .
2318 1866 2335 1883 .

336 1934 631 2012 πειρατέον
689 1932 832 2000 εἶναι
846 1984 865 2013 ,
928 1937 1047 2000 nisi
1107 1935 1207 2000 hic
1265 1936 1519 2000 fortasse
1580 1928 1687 2021 pro
1747 1937 1858 2001 δεῖν
1913 1917 2335 2020 corrigendum

335 2056 532 2120 δοκεῖν.
578 2078 640 2139 p.
674 2057 802 2118 348
835 2054 918 2118 C:
967 2054 1041 2121 ἂν
1083 2053 1202 2135 ἄρα
1245 2057 1330 2132 μὴ
1376 2054 1512 2136 δόξῃ
1558 2056 1670 2121 δεῖν
1716 2055 1889 2121 αὐτὸν
1933 2057 2097 2120 οἶιοεῖν
2142 2057 2199 2119 ἕν
2242 2066 2338 2119 Σι-

329 2174 517 2257 κελία.
565 2198 625 2259 p.
675 2175 802 2236 253
850 2175 945 2238 A:
992 2176 1316 2253 ἀναγκαῖον
1361 2170 1502 2239 εἶναι
1548 2172 1699 2251 ἔδοξέ
1743 2198 1838 2253 μοι
1882 2175 2101 2254 ῥηθῆναι
2146 2174 2275 2239 δεῖν.

415 2292 620 2356 Ὥστε
677 2292 828 2357 οὐδὲν
889 2292 1226 2370 θαυμαστὸν
1287 2290 1341 2357 εἴ
1392 2317 1506 2365 τις·
1541 2294 1673 2357 θεῶν
1726 2292 1825 2357 καὶ
1868 2298 2067 2358 τοῦτον
2109 2294 2187 2367 εἷς
2232 2294 2337 2367 τὴν

322 2412 512 2486 αὐτὴν
566 2408 735 2487 δόξαν
779 2410 906 2490 περὶ
947 2412 1246 2483 πολιτείας
1290 2412 1476 2492 ἐκείνῳ
1518 2410 1784 2487 γενέσθαι
1828 2410 2133 2493 ξύμφωνον
2178 2414 2336 2487 ποιή-

321 2552 496 2593 σειεν.
566 2527 644 2591 Ι11
687 2527 783 2591 his
829 2527 1148 2592 dubitatur
1192 2528 1595 2613 legendumne
1636 2529 1718 2592 sit
1745 2527 2052 2611 ξύμφωνον
2082 2550 2159 2591 an
2189 2526 2335 2606 ξύμ-

322 2656 517 2728 φρονα
588 2645 750 2729 (libri
811 2644 916 2708 alii
973 2644 1266 2729 ξύμφωνα
1280 2696 1299 2724 ,
1369 2645 1472 2709 alii
1524 2643 1883 2731 ξύμφρονα);
1945 2647 2115 2731 prius
2175 2652 2335 2709 certe

322 2764 680 2849 eligendum
700 2814 719 2844 ,
781 2787 925 2828 nam
987 2764 1244 2829 alterum
1290 2772 1382 2829 est
1425 2766 1712 2829 insolens.
1789 2766 1878 2829 At
1918 2763 2196 2847 ξύμφρων
2240 2764 2337 2829 vel

324 2882 641 2964 ξύμφωνος
701 2884 780 2953 εἰς
839 2886 944 2958 τὴν
989 2886 1172 2959 αὐτὴν
1214 2882 1412 2961 δόξαν,
1460 2906 1715 2960 concors,
1764 2884 2056 2947 unanimis
2097 2884 2162 2946 im
2206 2906 2335 2947 ean-

323 3004 457 3066 dem
514 3003 850 3066 sententiam
865 3052 883 3079 ,
949 3001 1098 3085 quid
1158 3008 1252 3067 est
1293 3003 1413 3067 nisi
1455 3002 1749 3087 languida
1792 3002 2173 3087 tautologia?
2233 3001 2339 3066 Vi—

323 3119 512 3185 detur
569 3142 712 3184 vero
771 3120 1029 3206 scriptor
1087 3120 1204 3185 hoc
1263 3121 1460 3185 dicere
1520 3121 1823 3185 voluisse:
1883 3122 1961 3192 εἷς
2020 3121 2087 3185 τὸ
2147 3123 2203 3185 ἕν
2262 3131 2336 3203 τῇ

324 3242 483 3320 αὐτῇ·
544 3238 675 3319 δόξῃ
735 3239 1020 3305 διατελεῖν
1081 3240 1249 3305 Δίωνι
1311 3241 1618 3322 ξύμφωνον
1661 3240 1925 3333 reuda-4051
1941 3290 1959 3317 ‚
2017 3262 2185 3318 „non
2230 3239 2337 3304 mi-

322 3379 495 3435 rum,
544 3358 596 3420 si
642 3358 778 3441 quis
826 3357 974 3421 deus
1021 3380 1160 3421 eum
1204 3358 1272 3421 in
1310 3359 1426 3422 hoc
1457 3381 1597 3423 cum
1628 3358 1827 3421 Dione
1859 3358 2334 3422 consentientem

325 3476 544 3553 faciat,
603 3484 675 3539 ut
721 3498 910 3559 aeque
955 3482 1136 3559 atque
1181 3476 1286 3540 ille
1329 3476 1396 3539 in
1441 3498 1512 3540 ea
1557 3498 1679 3560 qua
1725 3484 1815 3539 est
1862 3476 2159 3539 sententia
2204 3498 2333 3560 per-

281 3604 289 3611 '
327 3594 621 3659 severet.”
714 3592 778 3657 Si
823 3593 939 3658 hoc
986 3595 1208 3673 voluit,
1257 3617 1472 3680 parum
1520 3603 1797 3660 accurate
1843 3596 2087 3659 locutus
2132 3600 2242 3657 est.

422 3712 864 3777 Praefationem
911 3713 996 3776 sic
1042 3712 1394 3777 concludit:
1441 3713 1531 3785 τίς
1577 3712 1624 3778 δ’
1656 3710 1722 3787 ἦν
1766 3716 1793 3780 ὃ
1836 3714 2039 3794 τρόπος
2082 3720 2187 3786 τῆς
2233 3734 2331 3787 γε·

324 3831 530 3903 νέσεως
575 3833 758 3905 αὐτῆς
809 3832 914 3915 (sc.
961 3840 1066 3906 τῆς
1113 3828 1330 3915 δόξης),
1378 3831 1478 3894 οὐκ
1523 3829 1771 3906 οὲποὶξιον
1816 3831 2059 3895 ἀκοῦσαι
2104 3827 2205 3909 νέῳ
2233 3828 2333 3892 καὶ

325 3952 416 4029 μὴ
461 3950 579 4029 νέῳ.
648 3948 820 4012 Belle
865 3949 1096 4013 scilicet
1141 3948 1373 4012 dictum
1417 3970 1569 4033 pro:
1617 3946 1735 4013 ὅθεν
1780 3950 1938 4025 αὐτῷ
1988 3947 2082 4022 ἥδε
2129 3948 2161 4021 ἧ
2193 3945 2334 4022 δόξα

397 4208 448 4269 1)
481 4206 557 4257 cf.
591 4207 641 4258 ll.
676 4207 849 4257 collata
881 4208 940 4257 ab
975 4208 1246 4257 Heindorfio
1277 4208 1336 4256 ad
1369 4207 1496 4255 1111110
1529 4207 1703 4257 10011111.
