3025 5067
1632 422 1754 482 108

687 627 876 696 habet
931 650 1052 712 quo
1113 628 1409 692 referatur
1424 655 1443 704 3
1503 629 1889 699 ἀνακολούθως
1952 629 2185 711 positus
2248 635 2339 690 est
2354 654 2371 705 3
2444 649 2583 692 mox
2648 628 2704 690 ei
2802 627 2809 635 “

686 746 1079 811 substituitur
1122 751 1323 813 ταῦτ’
1367 747 1499 812 οὔτε
1544 747 1739 830 ῥᾴδιον.
1832 746 2083 811 Dictum
2128 746 2286 810 κακοὶ
2308 746 2534 828 ἀμφοῖν
2550 797 2569 822 ,
2600 769 2707 831 op-

687 863 954 949 positum
984 887 1330 950 praegresso
1352 863 1724 946 ξυμφέροντα
1739 915 1757 942 ,
1792 887 1903 949 pro
1926 866 2287 946 ἀμφοτέρους
2316 864 2697 942 βλάπτοντα,

684 981 860 1046 valde
906 983 1128 1048 durum
1173 990 1282 1047 est.
1375 983 1561 1064 Quod
1608 983 1758 1047 dicit
1800 986 1955 1064 εὐχῇ
2000 984 2059 1048 δὲ
2104 984 2389 1064 προσέοικε
2405 1034 2423 1066 ,
2458 983 2705 1068 decerp-

684 1107 819 1164 tum
881 1108 972 1166 est
986 1152 1005 1180 ‚
1053 1109 1126 1166 ut
1171 1102 1383 1165 Astius
1429 1102 1855 1167 animadvertit
1916 1102 2165 1186 (Plato’s
2209 1101 2359 1167 Leb.
2411 1125 2470 1165 u.
2520 1101 2701 1165 Schr.

684 1243 744 1306 p.
795 1221 946 1304 223)
993 1243 1025 1284 e
1071 1221 1359 1300 Platone,
1425 1221 1532 1304 qui
1578 1221 1816 1306 saepius
1862 1221 1975 1284 hac
2021 1220 2286 1286 dictione
2334 1221 2565 1299 utitur,
2631 1236 2703 1284 ut,

685 1338 760 1402 de
791 1337 940 1424 Rep.
973 1338 1101 1403 VH
1112 1389 1130 1417 ‚
1179 1364 1238 1425 p.
1275 1341 1399 1403 540
1419 1388 1438 1417 ,
1471 1340 1564 1413 D:
1612 1338 1972 1435 ξυγχωρεῑτε
2010 1342 2094 1418 μὴ
2127 1340 2511 1405 παντάπασιν
2534 1342 2701 1416 ἡμᾶς

682 1458 870 1538 εὐχὰς
930 1458 1226 1538 εἰρηκέναι,
1291 1459 1460 1523 ἄλλα
1518 1459 1777 1539 χαλεποὶ
1824 1457 1929 1536 μὲν
1948 1510 1965 1532 ,
2024 1459 2243 1523 δυνατοὶ
2290 1458 2382 1535 §.Q
2436 1457 2705 1522 Videtur

681 1584 884 1640 tamen
933 1576 1048 1640 hoc
1093 1576 1228 1640 loco
1274 1599 1398 1640 non
1444 1577 1599 1640 serio
1645 1577 1735 1640 ita
1781 1576 1949 1660 loqui
2000 1578 2289 1662 scriptor,
2340 1576 2445 1640 sed
2492 1577 2705 1662 potius

680 1694 1003 1759 flosculum
1048 1695 1311 1759 inserere
1357 1694 1620 1760 voluisse
1666 1696 1965 1774 orationi,
2013 1718 2199 1780 quare
2240 1696 2445 1760 statim
2476 1718 2539 1759 se
2571 1719 2705 1760 cor-

681 1813 826 1898 rigit
873 1813 1099 1877 addens
1145 1797 1328 1878 haeci
1379 1814 1528 1879 ἔστω
1574 1815 1639 1888 δὴ
1684 1813 2035 1880 παντάπασι
2079 1815 2186 1892 μὲν
2231 1816 2383 1895 εὐχή
2421 1840 2507 1888 τις
2527 1865 2545 1898 ,
2570 1815 2703 1878 ἀπὸ

683 1933 802 2013 γὰρ
861 1933 991 1996 θεῶν
1049 1934 1166 2013 χρῆ
1228 1933 1428 1998 πάντα
1490 1933 1811 2014 ἀρχόμενον
1869 1935 1960 1999 aze}
2022 1917 2217 2013 λέγειν
2274 1960 2343 1999 τε
2389 1934 2485 1998 καὶ
2533 1941 2698 2000 νοεῖν.

680 2049 828 2114 Est.
855 2051 1003 2115 haec
1061 2052 1258 2136 figura
1302 2051 1573 2131 διόρθωσις
1627 2059 1839 2117 vocata
1884 2053 1947 2116 in
1991 2052 2339 2131 rhetoricis,
2405 2074 2528 2136 qua
2571 2053 2705 2117 dic-

681 2177 885 2235 torum
931 2193 1141 2235 sensus
1184 2171 1548 2234 immutatur
1557 2197 1576 2248 3
1624 2193 1766 2235 nam
1809 2172 1875 2235 iu
1921 2171 2187 2236 dictione
2224 2175 2377 2253 εὐχῇ
2412 2172 2703 2253 προσέοικε

684 2311 799 2353 vox
845 2291 994 2368 εὐχὴ
1057 2289 1357 2374 significat
1418 2289 1581 2374 quod
1628 2297 1836 2374 optare
1900 2291 2000 2354 vix
2053 2290 2275 2355 audeas
2291 2341 2310 2369 ‚
2365 2292 2699 2376 posteriore

680 2407 816 2473 loco
885 2408 1128 2493 proprie
1196 2409 1466 2493 positum
1534 2415 1627 2472 est
1697 2409 1773 2473 de
1836 2409 2115 2494 precibus
2176 2433 2245 2475 ae
2314 2411 2470 2474 votis
2538 2433 2699 2494 quae

685 2527 802 2591 diis
862 2526 1116 2590 facimus
1131 2576 1150 2604 ‚
1222 2534 1293 2590 ut
1359 2527 1617 2612 inceptis
1684 2527 1943 2592 faveant.
2036 2527 2347 2592 Sententia
2414 2551 2698 2613 expressa

685 2670 718 2710 e
776 2645 1056 2723 Timaem
1126 2669 1186 2730 p.
1247 2648 1331 2708 48
1401 2645 1500 2710 D:
1579 2648 1696 2712 θεὸν
1766 2646 1831 2722 δὴ
1900 2648 1996 2711 καὶ
2063 2653 2157 2712 νῦν
2222 2649 2315 2712 ἐπ’
2360 2649 2521 2730 ἀρχῇ
2578 2655 2694 2713 τῶν

684 2764 1008 2840 λεγομένων
1027 2815 1042 2831 .
1067 2814 1081 2829 .
1104 2812 1118 2827 .
1159 2762 1641 2842 ἐπικαλεσάμενοι
1680 2763 1858 2834 πάλιν
1892 2766 2213 2847 ἀρχώμεθα
2256 2766 2469 2844 λέγειν.
2517 2764 2694 2830 Idem

684 2889 1068 2967 praeceperat
1113 2890 1291 2946 antea
1341 2882 1490 2947 ibid.
1540 2906 1599 2968 p.
1651 2885 1728 2948 27
1781 2881 1851 2947 C.
1933 2883 2123 2948 Porro
2170 2883 2371 2948 addit:
2421 2886 2693 2961 ἐπιτελῆς

682 3003 730 3064 δ’
767 2999 849 3077 εἴη
898 3003 954 3084 (ἡ
991 3002 1166 3086 εὐχὴ)
1215 3001 1577 3079 σημαίνουσαι
1624 3005 1761 3079 ἡμῖν
1804 3001 2010 3067 τοιόνδε
2053 3005 2184 3068 τινα
2227 3003 2422 3080 λόγον.
2514 3006 2692 3085 Εὒχῆ

682 3120 1042 3197 σημαίνουσα
1101 3119 1276 3198 λόγον
1337 3127 1429 3183 est
1486 3121 1762 3204 quaesita
1816 3119 2001 3184 dictio
2018 3171 2035 3199 ,
2084 3122 2207 3184 imo
2266 3144 2407 3185 vero
2450 3123 2689 3207 inepta:

682 3238 939 3302 dicitur:
989 3239 1012 3300 5
1057 3237 1230 3315 λόγος
1274 3239 1540 3315 σημαίνει
1586 3263 1643 3304 τι
1658 3288 1677 3316 ,
1733 3261 1911 3303 sermo
1957 3240 2190 3326 aliquid
2228 3240 2485 3319 indicat,
2514 3241 2692 3324 siqni-

661 3360 853 3440 ficat‚·
898 3357 1002 3421 sed
1047 3358 1198 3437 εὐχὴ
1243 3357 1508 3433 σημαίνει
1554 3357 1728 3435 λόγον
1772 3380 1895 3421 non
1942 3366 2151 3443 aptum
2196 3359 2379 3424 habet
2422 3383 2687 3425 sensum.

684 3476 867 3539 Amat
896 3481 1100 3539 noster
1138 3475 1490 3539 huiusmodi
1525 3475 1933 3561 periphrasin,
1983 3499 2033 3540 e.
2068 3500 2125 3561 g.
2176 3501 2233 3562 p.
2269 3480 2395 3541 355
2448 3481 2535 3542 A:
2584 3481 2691 3544 τίν’

682 3591 772 3659 οὖν
838 3596 904 3670 δή
932 3643 946 3658 .
975 3643 990 3658 .
1019 3644 1032 3658 .
1102 3592 1276 3672 λόγον
1343 3595 1737 3678 ἀποφαίνεται
1773 3644 1787 3659 .
1824 3646 1838 3660 .
1877 3646 1890 3660 .
1964 3600 1996 3672 ἧ
2065 3597 2275 3669 Δίωνος
2341 3596 2689 3677 ξυμβουλῆς

683 3735 741 3797 p.
791 3715 955 3790 354,
1003 3714 1092 3775 A:
1149 3712 1244 3777 καὶ
1293 3718 1386 3777 νῦν
1435 3713 1534 3776 δ’ὁ
1578 3717 1643 3792 γ’
1672 3716 1809 3793 ἐμὸς
1870 3715 2044 3792 λόγος
2104 3715 2177 3781 ἂν
2230 3714 2314 3790 εἴη
2358 3715 2692 3795 ξύμβουλος

681 3829 929 3910 τυράννῳ
974 3831 1156 3895 παντί
1177 3879 1194 3894 .
1235 3829 1460 3894 ibidem
1505 3830 1589 3894 C:
1639 3830 1667 3898 ‘o‘
1712 3833 1777 3908 δὴ
1820 3834 1917 3898 καὶ
1964 3840 2060 3898 νῦν
2105 3835 2277 3911 οὑμὸς
2319 3835 2490 3912 λόγος
2539 3841 2692 3902 πᾶσι

681 3948 1147 4031 παρακελεύεται
1167 3998 1185 4026 ,
1233 3955 1295 4012 et
1341 3949 1503 4014 alibi.

769 4066 1122 4151 Sequuntur
1181 4067 1358 4132 haec:
1423 4073 1517 4133 νῦν
1569 4074 1705 4146 ἡμῖν
1764 4070 1862 4134 καὶ
1922 4078 2039 4142 τοῖς
2101 4071 2391 4148 πολεμίοις
2436 4074 2653 4153 σχεδὸν
2673 4127 2692 4148 ,

680 4184 745 4264 ἐξ
790 4183 959 4267 οὗπερ
1005 4186 1242 4265 γέγονεν
1269 4188 1295 4253 ὃ
1321 4185 1573 4265 πόλεμος
1591 4239 1608 4262 ,
1634 4187 1950 4266 ξυγγενεία
1980 4187 2151 4272 ἄρχει
2181 4191 2296 4270 μία
2325 4191 2418 4258 δια
2449 4191 2693 4272 τέλους,
