3025 5067
1089 1360 1476 1455 CAPUT
1564 1360 1642 1458 V.

947 1670 1050 1713 DE
1119 1670 1567 1714 EPISTOLA
1640 1670 1775 1715 vm.

1146 1985 1570 2029 —00'50400—-

448 2271 680 2357 Scripta
731 2271 982 2356 fingitur
1025 2271 1174 2335 haec
1219 2272 1474 2356 epistola
1519 2295 1555 2336 a
1600 2270 1852 2337 Platone
1898 2273 1975 2337 ad
2020 2274 2235 2339 Dionis
2282 2275 2365 2338 fa-

351 2390 615 2455 miliares
661 2396 722 2454 et
766 2390 984 2467 sociOS,
1033 2412 1156 2473 quo
1200 2398 1468 2475 tempore
1515 2390 1915 2477 HipparinuS‚
1948 2393 2189 2457 maioris
2219 2393 2364 2457 Dio-

348 2510 510 2596 nysii
551 2509 714 2573 filius
730 2558 749 2587 ,
797 2509 1049 2596 expulso
1095 2508 1405 2594 calippo,
1435 2508 1759 2594 Syracusas
1783 2519 2207 2596 occupaverat,
2232 2511 2273 2575 i.
2308 2535 2361 2576 e.

347 2652 403 2693 a.
469 2652 520 2693 a.
585 2628 653 2693 G.
717 2631 843 2692 353
907 2628 1236 2713 (Diodorus
1296 2629 1337 2692 l.
1401 2628 1588 2708 XVI,
1651 2652 1702 2693 c.
1769 2632 1911 2714 36);
1975 2629 2138 2714 quod
2185 2653 2363 2715 appa-

345 2756 443 2814 ret
488 2770 560 2813 ex
603 2748 894 2834 epistolae
939 2748 1134 2813 verbis
1179 2772 1239 2834 p.
1289 2750 1416 2811 356
1475 2750 1573 2826 A,·
1616 2748 1724 2813 ubi
1754 2748 1919 2813 hunc
1951 2748 2362 2834 Hipparinum

345 2867 559 2932 laudat
602 2874 848 2955 propter
889 2867 1180 2932 beneficia
1223 2889 1378 2951 quae
1421 2890 1615 2952 nuper
1662 2867 1891 2932 civitati
1934 2868 2358 2952 praestitisset:

344 2988 520 3067 χάριν
579 2994 681 3061 τῆς
743 3010 810 3051 τε
869 2986 936 3061 δὴ
995 2990 1090 3050 νῦν
1151 2984 1416 3061 βοηθείαις
1473 2985 1573 3050 καὶ
1621 2987 1766 3069 (τοῦ)
1812 2986 1959 3050 ὁσίου
2003 2984 2209 3067 τρόπον
2234 3038 2253 3061 ,
2300 2984 2359 3058 ὃς

345 3104 648 3183 γενόμενος
691 3102 956 3186 τυράννου
1002 3104 1217 3186 πατρὸς
1263 3105 1396 3169 ἑκὼν
1443 3104 1547 3177 τὴν
1592 3102 1759 3169 πόλιν
1803 3105 2108 3185 ἐλευθεροῖ,
2155 3107 2275 3171 κτὲ.

437 3222 750 3309 Epistolae
795 3223 1172 3309 propesitum
1219 3230 1310 3287 est
1327 3271 1346 3300 ,
1393 3230 1463 3287 ut
1508 3222 1763 3287 consilia
1808 3221 1911 3286 det
1941 3222 2157 3286 Dionis
2184 3223 2360 3286 sociis

347 3342 428 3405 de
493 3340 868 3406 instituenda
933 3348 993 3405 et
1059 3340 1396 3405 ordinanda
1462 3341 1724 3405 civitate.
1818 3339 1985 3404 Dicit
2046 3348 2250 3405 autem
2296 3363 2360 3405 se

347 3459 503 3524 velle
563 3459 685 3523 tale
738 3459 1058 3523 consilium
1105 3458 1248 3523 dare
1262 3508 1281 3538 ,
1331 3460 1497 3544 quod
1546 3459 1750 3523 amicis
1797 3482 1985 3544 aeque
2033 3466 2213 3543 atque
2258 3459 2359 3523 ad-

347 3578 625 3643 versariis
671 3577 824 3642 utile
869 3578 948 3642 sit
991 3578 1292 3642 futurum.
1387 3578 1478 3641 Ac
1525 3578 1787 3663 primum
1820 3578 2065 3663 quidem
2098 3578 2360 3642 ostendit

347 3696 701 3761 huiusmodi
747 3696 999 3761 consilia
1041 3696 1226 3782 vulgo
1272 3719 1490 3782 parum
1536 3697 1775 3782 probari
1828 3720 1939 3762 nec
1985 3697 2189 3761 facilia
2234 3684 2361 3761 esse

346 3816 596 3894 effectu,
631 3816 735 3880 sed
766 3816 970 3901 potius
1000 3816 1155 3879 votis
1187 3816 1444 3894 similia,
1477 3818 1629 3897 εὐχῇ
1654 3812 1841 3895 ὅμοια.
1890 3816 2130 3900 „Atqui
2144 3866 2163 3895 ,
2192 3816 2361 3881 addit

347 3935 524 4019 quasi
584 3957 646 3998 se
703 3935 1042 4021 corrigenS,
1089 3932 1234 3999 ἔστω
1280 3935 1346 4010 δὴ
1391 3933 1744 3999 παντάπασι
1788 3934 1894 4013 μὲν
1940 3934 2091 4015 εὐχή
2136 3959 2223 4007 τις
2250 3986 2263 4000 .
2295 3986 2309 4001 .
2342 3985 2355 3999 .

345 4056 619 4129 §ma-saka
677 4054 724 4117 δ’
755 4051 859 4129 εἴη.
950 4054 1119 4118 Haec
1165 4054 1468 4138 praefatus
1515 4054 1730 4139 incipit
1775 4076 1811 4118 a
1855 4054 2163 4141 praeteriti
2208 4062 2355 4119 tem·

349 4172 512 4259 poris
571 4171 1016 4239 recordatione:
1082 4171 1256 4236 docet
1315 4174 1590 4263 utrisque
1636 4174 1997 4242 certantium
2046 4173 2352 4265 quondam
