3025 5067
1288 426 1368 486 91

318 637 404 706 ὥς
449 632 680 709 οὶνοὶξιον
724 640 825 699 τοῦ
871 635 1078 699 Πυθίου
1124 635 1222 698 καὶ
1268 636 1383 713 οὐχ
1425 632 1578 703 ὅπως
1622 634 1759 702 θεοῖς
1807 631 1947 693 ἀλλ’
1992 628 2104 694 οὐδ’
2140 628 2338 705 ἀνθρώ-

321 776 457 823 ποις
505 751 701 825 δεξιοῖς
733 753 963 829 πρέπον.
1013 750 1155 815 Vid.
1190 750 1475 814 Salomon
1506 750 1571 812 in
1602 749 1759 813 libro
1788 747 1954 811 laud.
1982 770 2041 831 p.
2073 747 2130 810 5.
2180 744 2343 807 Wie-

321 869 529 954 gand,
592 894 650 955 p.
717 872 753 932 5
803 892 892 954 sq.
941 869 1149 933 Simile
1196 870 1442 933 initium
1488 875 1581 932 est
1623 867 1818 953 Epist.
1870 865 2065 943 XIII,
2112 863 2221 928 ubi
2266 862 2343 927 de

319 989 595 1053 formula
651 984 714 1053 εὖ
774 988 1048 1069 πράττειν
1108 988 1280 1052 dicit:
1344 989 1502 1069 ἀρχή
1562 1010 1645 1051 σοι
1692 994 1796 1061 τῆς
1840 986 2149 1059 ἐπιστολῆς
2194 983 2339 1047 ἔστω

321 1108 429 1171 καὶ
479 1104 616 1185 ἅμα
659 1106 954 1185 ξύμβολον
999 1106 1082 1172 ὅτι
1128 1110 1270 1187 παρ’
1313 1110 1454 1183 ε’μοῦ
1501 1106 1678 1171 ἐστίν.

422 1224 490 1288 Si
549 1232 755 1289 autem
815 1226 998 1289 verba
1057 1225 1428 1290 attendimus
1446 1274 1464 1301 ,
1528 1224 1710 1287 etiam
1763 1223 1863 1286 hic
1908 1221 2235 1286 incidimus
2280 1221 2345 1283 in

319 1346 541 1409 inanes
588 1344 979 1429 repetitiones
1025 1351 1088 1409 et
1132 1345 1442 1428 ambageS,
1491 1340 1839 1407 cuiusmodi
1878 1348 1969 1406 est
1998 1340 2215 1404 hocce:
2256 1332 2347 1419 ἄρ’

321 1464 532 1542 ὀρθῶς
602 1460 1060 1542 τυγχάνοιμι
1121 1471 1224 1536 τῆς
1283 1462 1601 1539 βελτίστης
1664 1461 2043 1541 προσρήσεωςς
2104 1456 2349 1521 Dicitur

322 1579 657 1661 τυγχάνειν
703 1587 802 1647 τοῦ
849 1580 1064 1645 σκόπου
1084 1632 1103 1655 ,
1151 1580 1544 1645 ferendumne
1592 1580 1776 1643 etiam
1821 1578 1978 1657 ὀρθῶς
2027 1576 2349 1657 τυγχάνειν

322 1705 434 1763 τοῦ
496 1697 749 1762 cuda-ov?
812 1696 954 1761 Non
1017 1698 1232 1782 opinor
1246 1724 1265 1775 3
1329 1698 1505 1781 quasi
1551 1697 1657 1780 qui
1701 1697 1932 1781 tangit,
1980 1695 2174 1780 possit
2224 1717 2350 1759 non

321 1824 496 1880 recte
539 1825 805 1901 tangere.
863 1817 1072 1881 Inanis
1117 1838 1360 1900 quoque
1390 1815 1727 1899 tautologia
1757 1815 1935 1879 estin
1959 1814 2155 1878 verbis
2178 1812 2344 1878 κατα

323 1937 437 2009 τὴν
475 1937 618 2009 ἐμὴν
663 1934 1032 2010 ξυνηθείαν
1075 1972 1166 1983 —
1208 1933 1440 2014 ῶσπερ
1488 1932 1692 1998 εἴωθα
1737 1936 1793 1997 ἐν
1835 1941 1965 2006 ταῖς
2016 1936 2347 2005 ἐπιστολαῖς

324 2055 455 2119 κτὲ.
517 2054 638 2117 Pro
695 2054 896 2128 κλήσει
952 2056 1504 2134 παρακελευσαίμην
1559 2050 1631 2116 ἂν
1691 2059 2100 2137 exspectasses
2147 2052 2347 2126 κλήσει

324 2174 604 2253 rotatim:
653 2174 742 2236 ita
783 2172 946 2237 nude
991 2172 1208 2237 durius
1238 2173 1504 2257 positum
1538 2180 1646 2236 est.
1696 2171 1977 2255 Denique
2008 2177 2343 2255 postrema:

326 2292 432 2356 καὶ
472 2299 670 2357 ταῦτα
709 2292 817 2369 μὲν
853 2287 943 2357 οὖν
979 2289 1152 2363 οὕτως
1191 2292 1416 2371 εἰρήσθω
1453 2294 1591 2371 παρ’
1629 2293 1768 2367 ἐμοῦ
1782 2340 1800 2363 ,
1851 2291 2187 2356 affectatam
2219 2312 2352 2374 gra—

326 2411 588 2474 vitatem
646 2409 950 2474 redolent:
1017 2418 1162 2473 sunt
1228 2410 1432 2493 potius
1497 2409 1752 2472 oratoris
1816 2431 2016 2473 coram
2064 2410 2350 2473 concione

329 2529 628 2604 dicentiS‚
678 2549 864 2612 quam
907 2528 1217 2592 familiaris
1263 2528 1340 2592 ad
1383 2512 1737 2592 familiarem
1785 2527 2119 2592 scribentis.

424 2646 570 2710 Duo
615 2647 764 2711 haec
811 2670 968 2730 quae
1011 2647 1217 2710 notavi
1234 2696 1252 2723 ,
1319 2646 1595 2710 affectata
1638 2646 1929 2710 orationis
1976 2646 2242 2731 gravitas
2290 2652 2353 2709 et

331 2772 540 2829 tumor
586 2772 770 2849 atque
813 2766 1013 2829 inanis
1059 2773 1120 2829 et
1149 2766 1424 2848 quaesita
1456 2764 1775 2830 verborum
1804 2765 2210 2829 redundantia
2227 2814 2246 2841 ‚
2285 2771 2355 2828 ut

333 2884 403 2949 in
472 2885 784 2968 superiore
851 2885 940 2947 ita
1003 2884 1070 2947 in
1129 2884 1241 2947 hac
1295 2886 1634 2968 ceterisque
1686 2884 1961 2970 epistolis
2014 2884 2207 2948 risum
2261 2884 2357 2948 vel

336 3002 618 3066 taedium
659 3009 908 3066 movent
944 3002 1174 3066 lectori.
1245 3002 1420 3081 Quae
1453 3025 1502 3066 e.
1531 3025 1588 3087 g.
1623 3009 1715 3067 est
1738 3002 2033 3087 jactantia
2062 3008 2123 3065 et
2155 3008 2360 3065 tumor

337 3122 402 3184 in
475 3120 572 3183 his
634 3120 832 3184 verbis
848 3169 867 3198 ,
940 3120 1163 3204 quibus
1225 3120 1374 3185 dicit
1435 3142 1498 3183 se
1543 3118 1822 3204 Dionysii
1867 3121 2248 3205 aliorumque
2292 3120 2362 3184 li-

336 3240 490 3303 teris
551 3240 908 3303 arcessitum
953 3262 1084 3303 esse
1127 3251 1201 3303 ut
1246 3240 1310 3303 in
1357 3238 1627 3305 Siciliam
1675 3240 1902 3303 veniret
1918 3288 1937 3317 ‚
1985 3262 2045 3324 p.
2094 3242 2218 3305 317
2269 3238 2357 3303 B:

338 3358 702 3437 αἰσχύνομαι
765 3357 832 3430 δὴ
891 3358 1117 3439 λέγειν,
1183 3354 1310 3421 δ’σαι
1367 3358 1489 3423 τότ’
1538 3358 1841 3423 ἐπιστολαὶ
1904 3358 2066 3437 παρα
2111 3364 2213 3423 σοῦ
2260 3359 2359 3422 καὶ

334 3480 478 3555 παρ’
540 3474 740 3539 ἄλλων
801 3470 964 3549 ἦλθον
1029 3474 1122 3541 δια
1181 3502 1248 3541 σε
1293 3475 1356 3553 ἐξ
1425 3477 1685 3549 Ἰταλίας
1749 3477 1847 3541 καὶ
1903 3477 2177 3549 Σικελίας
2196 3529 2215 3551 ,
2262 3476 2362 3541 καὶ

335 3594 478 3673 παρ’
541 3592 701 3666 ὅσους
763 3600 873 3658 τῶν
935 3596 1085 3671 ἐμῶν
1145 3597 1351 3659 οἰκείων
1417 3596 1513 3659 καὶ
1584 3597 1749 3680 [τῶν]
1816 3596 2144 3676 γνωρίμων,
2206 3597 2363 3681 [καὶ]

335 3718 538 3777 πᾶσαι
599 3710 1077 3788 διακελευόμεναί
1135 3737 1230 3789 μοι
1297 3711 1436 3777 ἰέναι
1497 3713 1598 3776 καὶ
1654 3714 1917 3790 δεόμεναι
1984 3713 2069 3777 σοὶ
2132 3715 2366 3788 παντως

333 3832 445 3909 ἐμὲ
508 3830 802 3895 πείθεσθαι
834 3880 842 3893 .
892 3830 1066 3893 ἐδόκει
1112 3830 1177 3904 δὴ
1223 3834 1400 3894 πᾶσιν
1445 3830 1783 3911 ἀρξαμένοις
1828 3830 1949 3895 ἀπὸ
2000 3832 2207 3903 Δίωνος
2256 3834 2368 3897 δεῖν

335 3952 448 4031 ἐμὲ
481 3956 740 4015 πλεῦσαι
775 3950 873 4011 καὶ
905 3951 990 4025 μὴ
1021 3949 1495 4029 μαλθακίζεσθαι.
1528 3951 1573 4033 ¹)
1620 3948 1906 4013 Ceterum
1940 3972 2067 4014 non
2098 3958 2229 4015 erat
2259 3974 2369 4017 cur

411 4124 458 4177 1)
495 4121 630 4185 Quae
667 4119 690 4185 [
722 4118 747 4184 ]
795 4118 968 4168 inclusi
1018 4117 1185 4165 melius
1217 4118 1457 4180 abessent3
1495 4118 1575 4167 sed
1608 4118 1749 4170 etiam
1784 4118 1834 4169 in
1874 4134 1957 4167 usu
1998 4120 2167 4173 harum
2194 4138 2371 4172 vocum
2453 4156 2465 4168 ,

333 4204 514 4256 erebro
547 4204 747 4271 peccant
781 4199 870 4251 hae
901 4198 1162 4264 Epistulae,
