3025 5067
1584 375 1668 436 94

618 577 694 669 ,ἦν
737 580 871 645 τότε
913 580 996 645 τὰ
1036 579 1118 644 σοὶ
1161 579 1569 659 βουλεύεσθαι,
1618 586 1718 644 σοῦ
1766 578 1824 644 δὲ
1879 578 2030 650 ὄντος
2076 579 2181 656 μὲν
2211 575 2444 659 σφόδρα
2472 576 2589 643 νέου
2604 628 2631 655 ,

629 706 848 773 πολλῆς
893 698 950 763 δὲ
1007 698 1269 779 ἀπειρίας
1329 697 1498 773 οὔσης
1560 698 1683 779 περὶ
1728 698 1793 763 σὲ
1836 698 2051 763 τούτων
2096 694 2167 761 ὧν
2212 694 2471 776 ἔμπειρον
2504 695 2635 761 ’ἔδει

627 816 957 895 γεγονέναι,
1019 816 1116 881 καὶ
1175 817 1398 899 σφόδρα
1456 818 1713 895 ἀγνῶτος
1774 817 1902 894 ἐμοί
1917 865 1932 879 .
1995 816 2061 881 τὸ
2106 816 2265 894 μετοὶ
2309 822 2475 881 τοῦτο
2520 813 2637 881 εἴτ’

628 934 910 1017 ἄνθρωπος
956 935 1070 1001 εἴτε
1115 937 1230 1008 θεὸς
1276 935 1393 1001 εἴτε
1437 934 1597 1015 τύχη
1644 959 1729 1007 τις
1776 935 1936 1013 μετὰ
1984 941 2084 1000 σοῦ
2134 936 2325 1001 Δίωνα
2373 932 2636 1011 ἐξέβαλε

629 1055 725 1119 καὶ
773 1054 1038 1137 ἐλείφθης
1083 1054 1267 1129 μόνος.
1361 1052 1561 1117 Nemo
1620 1053 1767 1118 haec
1827 1053 2033 1139 legens
2090 1075 2215 1117 non
2260 1052 2639 1116 animadver-

584 1191 590 1195 ·
629 1180 720 1237 tat
734 1223 753 1251 ‚
821 1195 975 1257 quae
1037 1172 1137 1235 hic
1197 1172 1273 1235 de
1316 1171 1517 1236 Dione
1562 1178 1623 1236 et
1665 1171 1961 1256 Dionysio
2008 1169 2490 1236 adolescentibus
2540 1169 2637 1233 di-

632 1299 856 1356 cuntur
899 1290 1129 1375 aliquid
1177 1290 1490 1375 superbiae
1536 1292 1760 1376 spirare
1775 1341 1793 1367 ,
1836 1291 2010 1375 quasi
2040 1313 2216 1355 nemo
2249 1289 2325 1353 ad
2356 1290 2438 1355 τοὶ
2468 1303 2639 1354 πολι-

631 1412 769 1477 ma
814 1416 1020 1495 posset
1057 1432 1186 1473 esse
1229 1384 1583 1473 instructus·
1602 1410 1723 1473 nisi
1762 1409 1866 1494 qui
1897 1409 2142 1475 Platoni
2164 1409 2443 1495 cognitus
2470 1415 2641 1471 esset

631 1536 690 1593 et
733 1528 1043 1613 probatus
1135 1527 1254 1591 Sed
1307 1522 1428 1591 ⁴hoe
1472 1534 1545 1591 ut
1592 1528 1895 1607 omittam,
1946 1527 2255 1591 videamus
2301 1525 2377 1590 de
2408 1524 2630 1589 verbis,

631 1649 902 1712 Primum
951 1646 1194 1711 attende
1239 1646 1657 1731 repetitionem
1702 1646 1767 1711 in
1812 1647 1939 1710 his:
1990 1647 2183 1729 ἡλικία
2210 1646 2361 1727 μέση
2392 1644 2489 1709 καὶ
2520 1669 2631 1709 κα-

631 1766 934 1842 θεστηκυῖα
969 1766 1014 1849 ¹)
1030 1790 1048 1842 3
1095 1764 1279 1828 iidem
1339 1764 1628 1828 nimirum
1688 1771 1836 1829 sunt
1894 1766 1943 1830 οἱ
2000 1763 2412 1839 καθεστηκότες
2474 1769 2535 1825 et
2580 1762 2635 1825 οἱ

632 1888 690 1951 ἐν
748 1880 896 1964 μέση
949 1884 1158 1966 ἡλικία.
1260 1882 1402 1963 Quo
1469 1891 1674 1948 autem
1740 1884 1995 1947 refertur
2060 1884 2401 1968 proximum
2464 1879 2628 1944 illud

631 1999 746 2067 ὦνΡ
835 2001 978 2066 Νο11
1039 2008 1240 2086 potest
1297 2002 1538 2079 referri,
1610 2001 1773 2085 quod
1841 2002 2035 2085 prima
2080 2024 2105 2063 s
2111 2002 2277 2085 pecie
2322 1999 2629 2076 videatur,

632 2120 708 2183 ad
757 2120 980 2197 ἡλικίαν
1025 2120 1204 2198 μέσην
1254 2119 1350 2183 καὶ
1398 2119 1842 2197 καθεστηκυῖαν,
1878 2141 2069 2203 quum
2098 2120 2246 2205 liaec
2280 2119 2403 2182 duo
2436 2140 2638 2182 unum

629 2238 912 2322 idemque
955 2245 1186 2301 notent.
1279 2237 1372 2301 Ex
1415 2238 1729 2303 amborum
1772 2238 2179 2303 membrorum
2210 2238 2588 2322 oppositione
2607 2286 2634 2313 ,

634 2362 736 2421 τοῦ
780 2356 886 2434 μὲν
931 2355 1438 2435 δεδοκιμασμένου,
1488 2404 1502 2420 .
1532 2404 1547 2419 .
1576 2406 1591 2421 .
1654 2358 1709 2420 ἕν
1767 2358 1962 2439 ἡλικία
2006 2356 2051 2420 δ’
2081 2355 2234 2427 ὄντος
2257 2404 2276 2433 ,
2326 2362 2386 2419 et
2428 2360 2527 2419 σοῦ
2574 2354 2645 2417 δὲ

637 2473 788 2547 ὄντος
833 2474 950 2538 νέου
997 2523 1012 2537 .
1041 2525 1055 2540 .
1084 2523 1099 2538 .
1147 2474 1243 2537 καὶ
1289 2476 1547 2550 ἀγνῶτος
1596 2474 1771 2562 ἐμοῖς
1798 2481 2047 2559 apparet
2092 2474 2327 2559 plurale
2374 2470 2447 2537 ὧν
2489 2472 2647 2536 refe-

636 2594 894 2658 rendum
940 2616 1066 2657 esse
1111 2593 1190 2658 ad
1235 2593 1411 2658 ambo
1456 2594 1647 2659 haec:
1712 2594 2188 2673 δεδοκιμαάμένου
2236 2601 2297 2657 et
2341 2596 2397 2657 ἓν
2443 2592 2647 2675 ἡλικίᾳ

618 2711 806 2794 >ὄντος.
876 2710 1026 2774 Plus
1069 2710 1379 2775 molestiae
1427 2719 1520 2776 est
1564 2712 1629 2775 in
1676 2711 1895 2776 dativis
1942 2722 2060 2777 τοῖς
2106 2717 2229 2777 νοῦν
2274 2711 2370 2776 καὶ
2403 2710 2647 2789 σμικρὸν

637 2830 996 2908 κεκτημένοις
1042 2832 1316 2907 μέλλουσι
1364 2830 1483 2896 κτὲ.
1576 2830 1779 2895 Verba
1824 2831 1876 2893 si
1936 2816 2187 2915 proprie·
2222 2830 2601 2913 accipiuntur
2618 2876 2643 2902 ‚

639 2950 752 3014 hoc
821 2923 1196 3033 significant:
1266 2957 1581 3035 „spectata
1646 2950 1973 3035 prudentia
2040 2958 2099 3015 et
2159 2958 2397 3015 matura
2442 2955 2645 3013 aetate

640 3090 794 3153 opus
855 3074 946 3131 est
1004 3068 1077 3131 iis
1161 3068 1269 3152 qui
1326 3068 1421 3132 vel
1482 3070 1733 3154 paulum
1804 3092 1983 3133 sanae
2028 3071 2246 3134 mentis
2292 3070 2649 3156 possideant

641 3209 833 3271 quum
879 3185 958 3249 ad
999 3192 1197 3249 tantas
1243 3208 1336 3249 res
1382 3187 1673 3271 gerendas
1720 3190 2013 3253 accessuri
2067 3189 2271 3253 sunt.”
2362 3188 2497 3252 Hoc
2534 3210 2649 3251 au-

639 3311 762 3368 tem
823 3304 960 3367 vide
1014 3326 1092 3367 ne
1146 3304 1424 3388 ineptum
1481 3304 1703 3369 habeat
1761 3327 2044 3371 sensum:
2092 3328 2234 3371 nam
2280 3306 2387 3390 qui
2431 3328 2643 3369 sanam
2736 3298 2743 3305 ⁸

640 3430 897 3486 mentem
944 3422 1196 3499 habent,
1245 3421 1340 3485 his
1373 3446 1516 3488 sane
1547 3424 1749 3488 adsint
1777 3425 1885 3488 illa
1916 3424 2139 3508 quibus
2176 3424 2252 3489 ad
2282 3446 2409 3489 rem
2433 3446 2645 3509 geren-

643 3541 781 3605 dam
825 3563 977 3625 opus
1025 3547 1134 3604 est.
1202 3539 1372 3604 Num
1417 3541 1533 3605 hoc
1563 3542 1758 3607 voluit
1788 3543 2081 3628 scriptor:
2134 3544 2351 3628 „annis
2382 3550 2443 3607 et
2466 3564 2647 3628 expe-

640 3657 860 3721 rientia
917 3680 1070 3742 opus
1131 3664 1223 3721 est
1280 3657 1354 3721 iis
1417 3658 1526 3742 qui
1583 3682 1697 3723 non
1754 3661 2139 3742 imprudenter
2192 3661 2269 3724 ad
2313 3659 2645 3746 rempubli-

642 3797 772 3839 cam
840 3774 1118 3839 accedere
1183 3774 1374 3839 velint
1389 3774 1456 3839 ?”
1556 3776 1655 3840 Ita
1723 3800 1863 3842 vero
1932 3779 2226 3843 articulus
2286 3786 2405 3849 τοῖς
2459 3779 2644 3863 jungi

711 4072 759 4134 1)
794 4072 979 4121 Similes
1024 4073 1317 4137 pleonasmos
1362 4072 1523 4121 notavi
1558 4073 1607 4121 in
1640 4074 1728 4137 Ep.
1763 4074 1831 4123 VJ
1838 4075 1873 4134 Ι,
1909 4076 1981 4123 uti
2014 4091 2063 4139 p.
2098 4076 2191 4125 325
2228 4076 2285 4125 Β.
2320 4082 2381 4129 τὰ
2414 4083 2533 4129 κοινὰ
2566 4081 2645 4129 καὶ

645 4170 864 4218 πολιτικά.
899 4166 1006 4215 vid.
1041 4182 1182 4229 supra
1216 4184 1260 4231 p.
1293 4166 1374 4215 46.
