3025 5067
1313 418 1396 479 35

351 622 672 698 πειθόμενος
739 622 808 705 ζῇ
874 622 956 688 τοὶ
1013 627 1108 687 νῦν
1165 624 1228 687 οὐ
1289 628 1482 694 καλῶς
1501 673 1518 707 ,
1573 625 1600 689 ὅ
1652 622 1711 687 δὲ
1760 621 2079 697 πειθόμενος
2119 621 2347 694 τέθνηκε

347 745 564 813 καλῶς.
627 739 830 821 Quam
876 748 1126 825 argutae
1173 740 1502 805 antitheses
1518 790 1537 819 ‚
1586 763 1769 825 quam
1806 740 2005 825 lepide
2045 739 2205 804 ludit
2234 747 2351 804 ter-

345 858 518 922 nario
563 882 844 923 numero:
892 860 1109 941 τρίτους
1131 896 1222 908 -
1241 860 1450 939 τρίτου.
1521 858 1683 923 Hinc
1730 858 2071 943 digreditur
2101 858 2177 921 ad
2208 879 2351 942 poe-

350 998 459 1039 nas
520 998 675 1060 quae
720 982 860 1061 post
901 984 1158 1042 mortem
1203 984 1485 1041 maneant
1527 998 1627 1041 eos
1673 976 1779 1059 qui
1824 976 2077 1041 libidine
2094 1025 2112 1053 ‚
2161 975 2351 1039 avari-

351 1094 474 1172 tia,
522 1094 744 1159 scelere
788 1118 852 1159 se
896 1094 1245 1180 polluerint.
1294 1094 1531 1159 Deinde
1563 1116 1775 1159 rursus
1806 1094 2175 1180 vituperatio
2207 1092 2355 1156 Dio-

352 1214 510 1297 nysii
525 1263 543 1291 ,
591 1214 862 1279 laudatio
909 1214 1157 1278 Dionis:
1201 1214 1629 1299 praedicantur
1660 1213 1845 1279 huius
1876 1214 2183 1299 praeclara
2213 1234 2352 1275 con-

353 1330 492 1393 silia
505 1381 525 1409 ,
572 1331 922 1417 deploratur
967 1333 1166 1397 exitus
1211 1333 1571 1398 miserabilis
1618 1334 1725 1417 qui
1772 1333 2002 1418 optima
2048 1332 2179 1396 eius
2210 1354 2351 1395 con-

353 1450 491 1513 silia
535 1473 642 1534 pro
687 1450 1120 1535 Syracusarum
1158 1452 1436 1517 libertate
1467 1460 1528 1517 et
1560 1452 1757 1516 salute
1790 1452 2087 1515 everterit.
2121 1449 2350 1513 Verum

353 1569 554 1631 missis
613 1570 708 1632 his
767 1570 1082 1653 questibus
1099 1619 1118 1648 ‚
1179 1571 1264 1634 ait
1279 1620 1298 1649 ,
1356 1571 1557 1635 fausta
1602 1571 1850 1654 loquar:
1899 1572 2255 1653 εὐφημῶμεν
2286 1569 2351 1652 (l.

352 1690 600 1769 εὐφημεῖ)
655 1689 782 1773 μὲν)
839 1688 1013 1770 χάριν
1071 1689 1254 1755 οἶωνοῦ
1300 1689 1367 1753 τὸ
1411 1690 1631 1769 τρίτον,
1660 1690 1710 1773 1)
1756 1689 1908 1766 ὅμως
1948 1689 2007 1752 δὲ
2052 1690 2351 1766 μιμεῖσθαι

351 1806 463 1882 μὲν
516 1805 894 1883 ξυμβουλεύω
941 1808 1134 1873 Δίωνοο
1180 1809 1312 1885 ὑμῖν
1355 1815 1472 1879 τοῖς
1517 1808 1710 1890 φίλοις
1752 1809 1857 1883 τήν
1902 1832 1985 1872 τε.
2004 1814 2109 1882 τῆς
2150 1806 2356 1885 ποιτρί-

351 1924 444 1996 δος
488 1925 702 1989 εὔνοιαν
746 1928 843 1990 καὶ
887 1927 991 1999 τὴν
1035 1935 1140 2001 τῆς
1179 1933 1396 2008 τροφῆς
1425 1927 1693 2007 σώφρονα
1723 1904 1947 1990 δίαιτοον
1960 1974 1979 2008 ,
2013 1926 2107 1990 ἐπὶ
2141 1924 2355 2005 λῳόνων

353 2043 404 2107 δ’
425 2044 636 2121 ὀρνίθων
664 2046 776 2115 τὰς
799 2046 1008 2110 ἐκείνου
1028 2045 1330 2123 βουλήσεις
1356 2046 1655 2124 πειρᾶσθαι
1677 2046 2003 2110 ἀποτελεῖν.
2031 2068 2089 2130 p.
2120 2047 2250 2108 336
2276 2043 2350 2110 C.

353 2160 742 2246 Quamquam
785 2163 973 2228 Dioni
1016 2187 1110 2228 res
1155 2164 1311 2227 male
1349 2164 1531 2228 cessit
1544 2213 1564 2242 ,
1596 2163 1993 2227 nihilominus
2023 2162 2351 2227 imitandae

355 2280 488 2344 eius
534 2281 784 2345 virtutes
831 2291 892 2346 et
937 2281 1314 2366 sequendum
1345 2282 1725 2367 exemplum:
1760 2282 2015 2357 ἰσονομία
2044 2280 2353 2345 reddenda

353 2398 596 2463 Siciliae
610 2450 629 2477 ‚
691 2398 962 2485 undique
1007 2401 1072 2465 in
1117 2401 1412 2466 auxilium
1457 2401 1685 2466 vocatis
1732 2402 1939 2465 amicis
1984 2408 2045 2464 et
2090 2400 2267 2463 sociis
2314 2423 2347 2464 e

353 2517 562 2583 Sicilia
605 2525 666 2583 et
709 2518 1125 2604 Peloponneso
1141 2570 1159 2599 ,
1207 2543 1318 2584 nec
1362 2542 1488 2585 non
1534 2521 1824 2586 Athenis:
1873 2520 1979 2586 εἶσὶ
2026 2521 2145 2601 γὰρ
2175 2520 2353 2585 κοὶκεῒ

352 2636 587 2702 πάντων
651 2638 946 2719 ἀνθρώπων
1013 2638 1370 2722 διαφέροντες
1438 2644 1575 2718 πρὸς
1643 2639 1848 2719 ἀρετὴν
1907 2637 2218 2718 ξενοφόνων
2281 2663 2349 2703 τε

348 2754 558 2835 ἀνδρῶν
613 2761 910 2833 μισοῦντες
971 2756 1221 2835 τόλμας.
1279 2781 1339 2844 p.
1389 2760 1518 2822 336
1566 2757 1645 2821 D.
1738 2759 1825 2821 At
1868 2778 2009 2821 vero
2064 2757 2175 2840 (ita
2219 2778 2350 2841 per-

266 2916 275 2927 ·
350 2873 465 2957 git)
526 2873 773 2959 objiciat
824 2875 993 2959 quis:
1065 2875 1184 2939 ista
1245 2876 1311 2941 in
1355 2884 1667 2961 posterum
1712 2898 1889 2941 curae
1935 2882 2142 2953 erunt,
2189 2897 2355 2939 nunc

348 3012 492 3055 vero
538 2998 778 3077 tempus
817 3000 996 3077 urget
1035 3015 1146 3058 nec
1193 2993 1552 3077 quotidiana
1596 2992 1851 3058 discidia
1894 3001 1955 3057 et
1999 2993 2136 3057 lites
2177 3015 2356 3057 cunc-

303 3102 309 3107 ’
349 3111 471 3174 tari
513 3133 625 3175 nos
671 3112 901 3176 sinunt.
993 3111 1091 3175 Ad
1138 3113 1286 3177 haec
1333 3112 1478 3177 audi
1524 3112 1674 3197 quid
1717 3110 2099 3197 respondeat.
2190 3110 2355 3175 Scire

351 3236 627 3314 oportet,
697 3230 932 3295 nullam
993 3232 1162 3316 prius
1217 3233 1342 3295 fore
1410 3232 1869 3297 contentionum
1930 3212 2110 3294 finem
2172 3252 2355 3314 quam

352 3348 610 3413 victores
670 3349 976 3415 moderate
1039 3357 1098 3414 et
1161 3350 1462 3435 sapienter
1523 3374 1585 3415 se
1641 3357 1853 3435 gerant
1914 3356 1975 3413 et
2034 3349 2223 3411 victos
2278 3348 2357 3411 ad

424 3537 474 3597 l)
521 3536 593 3585 En
640 3552 802 3586 rursus
845 3540 900 3588 τὸ
944 3538 1111 3606 τρίτον.
1174 3536 1353 3585 Crebro
1387 3536 1478 3585 hoc
1515 3552 1709 3585 numero
1742 3534 1867 3584 ludit
1900 3539 2090 3593 noster,
2132 3534 2357 3583 nimirum

354 3632 469 3695 quia
516 3632 676 3681 nescio
721 3632 834 3696 quid
885 3633 1042 3681 arcani
1091 3632 1140 3681 in
1190 3632 1281 3681 hoc
1325 3632 1476 3681 inesse
1524 3632 1793 3696 putabatur.
1830 3629 1936 3680 Vid.
1968 3644 2017 3694 p.
2053 3630 2147 3679 334
2182 3628 2246 3677 C:
2281 3635 2361 3689 τὴν

351 3728 492 3785 αὐτὴν
522 3728 777 3793 ξυμβουλὴν
807 3731 884 3777 καὶ
917 3730 1040 3791 λόγον
1071 3730 1146 3777 τὸν
1177 3728 1308 3778 αὐτὸν
1336 3730 1474 3791 λέγων
1501 3727 1589 3785 ἤδη
1620 3729 1775 3795 τρίτον
1806 3727 1979 3793 τρίτοις
2014 3726 2134 3789 ὑμῖν.
2176 3740 2225 3788 p.
2262 3724 2357 3773 340

355 3824 428 3871 Ax
466 3826 598 3873 ἐλθὼν
637 3820 749 3873 ὃόὖν
779 3828 843 3874 τὸ
873 3826 1095 3891 τρίτον,
1121 3832 1189 3889 τῷ
1213 3832 1386 3891 σωτῆρι
1406 3826 1542 3873 τοῦτο
1561 3819 1673 3885 γὀὗν
1698 3824 1881 3890 ἔπραξα
1902 3821 2049 3878 ὄντως.
2088 3819 2193 3867 Vid.
2214 3820 2358 3868 etiam

253 3906 262 3912 ’
357 3935 404 3983 p.
443 3918 554 3967 345.
588 3920 632 3967 A
663 3918 721 3967 Β.
767 3925 910 3988 Χάριν
942 3918 1424 3969 οἱωνοΰ·τείόι·ειιᾶιιιιι
1459 3918 1518 3965 ad
1553 3919 1763 3985 ιύφημῶ,
1796 3917 1906 3981 quia
1940 3917 2029 3965 hoc
2052 3916 2165 3965 boni
2190 3914 2360 3964 ominis

354 4014 634 4063 habebatur.
696 4014 927 4063 Similiter
960 4015 1084 4079 apud
1118 4014 1368 4063 Platonem
1392 4014 1448 4061 de
1470 4012 1615 4077 Legg.
1641 4012 1749 4071 111,
1774 4010 1873 4064 702
1896 4011 1961 4070 O,
1986 4010 2187 4069 Cliniae,
2214 4026 2359 4074 quum

355 4108 539 4172 aliquid
583 4113 851 4175 opportune
899 4113 1212 4159 memoratum
1261 4114 1410 4168 esset,
1457 4107 1600 4166 dicit,
1644 4124 1691 4156 se
1735 4106 1785 4157 id
1817 4111 1960 4160 οἰωνόν
1989 4126 2090 4159 τινα
2120 4110 2361 4159 ποιεῖσθαι.

356 4207 552 4257 Menex.
581 4220 631 4269 P.
666 4204 762 4253 249
796 4205 864 4253 B:
905 4210 1053 4257 οἰωνοῦ
1082 4210 1218 4274 χάριν
1251 4208 1479 4274 ἄρχεσθαι
1516 4208 1629 4271 Ιίνᾳι
1660 4207 1734 4255 ἰπὶ
1766 4211 1847 4263 τὴν
1876 4210 2099 4272 πατρῴαν
2129 4204 2297 4253 ἑστίαν.

2053 4294 2130 4353 3*
