3025 5067
1610 393 1693 453 28

645 620 768 683 quo
814 598 1088 663 Platonis
1134 599 1328 662 oratio
1373 599 1548 663 nitet.
1642 599 1924 683 Denique
1970 605 2102 663 tota
2147 598 2335 663 dictio
2382 600 2468 663 sic
2500 622 2662 663 com-

649 724 858 802 parata
917 724 1036 794 est,
1109 723 1181 781 ut
1247 717 1358 801 qui
1424 724 1657 782 attente
1717 740 1850 782 eam
1910 718 2076 803 legat
2135 717 2311 782 facile
2373 726 2663 803 agnoscat

645 859 769 901 non
829 858 1185 921 germanum
1243 836 1564 900 Platonem
1625 859 1688 900 se
1751 837 1977 921 legere,
1996 853 2011 870 ·
2039 836 2144 901 sed
2200 837 2483 901 sedulum
2529 838 2663 902 imi-

645 962 941 1032 tatorem,
1005 954 1113 1039 qui
1174 954 1372 1019 verbis
1434 955 1751 1019 sententiis
1811 954 2061 1019 floribus
2116 954 2389 1039 undique
2435 978 2508 1020 ex
2552 956 2663 1019 illo

647 1073 1005 1158 conquisitis
1044 1095 1200 1158 opus
1232 1096 1416 1137 suum
1460 1073 1931 1138 concinnaverit.

733 1192 774 1256 J
776 1216 872 1257 am
934 1214 1172 1256 summa
1231 1191 1605 1276 quaestionis
1667 1192 1867 1277 posita
1927 1201 2020 1257 est
2062 1192 2128 1257 in
2173 1192 2452 1278 Epistola
2494 1191 2659 1270 VII,

647 1335 832 1397 quam
883 1312 1158 1397 plerique
1203 1311 1553 1375 etiamnunc
1600 1311 1695 1375 vel
1748 1312 1823 1376 ab
1870 1312 2004 1397 ipso
2056 1311 2314 1376 Platone
2360 1311 2453 1376 vel
2499 1318 2662 1393 certe

646 1422 730 1495 ab¹
768 1429 972 1514 aliquo
1017 1430 1148 1494 eius
1193 1429 1583 1494 familiarium
1628 1430 1916 1515 scriptam
1960 1430 2325 1495 existimant.
2405 1429 2660 1511 ‚Quodsi

645 1550 794 1614 haec
852 1572 992 1613 vera
1035 1558 1098 1613 et
1141 1548 1374 1614 sincera
1417 1556 1508 1613 est
1522 1598 1542 1627 ,
1600 1556 1834 1613 ceterae
1879 1572 2153 1634 quoque,
2202 1550 2317 1615 etsi
2361 1550 2469 1615 illa
2511 1550 2661 1615 infe-

641 1670 860 1747 riores,
923 1690 1048 1732 non
1105 1668 1339 1733 nullius
1400 1668 1583 1753 pretii
1628 1675 1809 1733 erunt
1852 1668 2199 1747 habendae3
2263 1669 2359 1734 sin
2411 1669 2551 1733 ficta
2597 1675 2661 1733 et

645 1786 1054 1872 suppositicia,
1086 1787 1355 1871 reliquae
1378 1793 1597 1872 sponte
1627 1794 1940 1851 corruunt.
1989 1786 2066 1851 In
2096 1810 2219 1872 qua
2240 1787 2498 1873 epistola
2520 1810 2659 1852 exa·

650 1906 939 1971 minanda
983 1929 1176 1991 quum
1223 1906 1424 1971 adhuc
1469 1906 1663 1971 critici
1709 1928 1834 1971 non
1865 1929 1998 1971 eam
2029 1906 2384 1971 collocarint
2414 1928 2661 1991 operam

652 2046 838 2108 quam
867 2047 961 2088 res
993 2025 1300 2109 postulat,
1335 2023 1411 2088 de
1441 2024 1558 2088 hac
1588 2023 1946 2109 diligentius
1971 2025 2146 2089 nobis
2178 2026 2292 2089 erit
2322 2024 2657 2111 agendum,

650 2166 770 2228 quo
810 2142 889 2207 ad
933 2150 1268 2207 ceterarum
1307 2142 1613 2230 judicium
1644 2144 1741 2208 via
1771 2144 1948 2209 nobis
1978 2144 2175 2209 facilis
2206 2152 2267 2208 et
2292 2153 2500 2230 aperta
2522 2144 2656 2207 erit.
