3025 5067
1680 382 1763 443 98

718 586 994 663 ὀνείρατος
1055 588 1321 665 γέγονεν,
1379 584 1539 662 εἶπες
1600 589 1659 654 δὲ
1703 590 1801 654 καὶ
1848 588 1998 666 μάλ’
2042 587 2365 660 ἀπλάστως
2410 590 2625 664 γελῶν,
2672 584 2715 647 εἰ

717 705 1020 784 μέμνημαι
1079 708 1152 779 ὥς
1215 708 1589 772 παιδευθέντα
1633 734 1713 787 με
1757 710 2014 779 ἐκέλευες
2060 714 2234 771 ποιεῖν
2280 706 2481 771 πάντα
2524 710 2717 769 ταῦτα

717 824 750 899 ἢ
795 825 880 901 μη
925 831 1099 889 ποιεῖν
1119 875 1132 890 .
1174 824 1372 907 ’Έφην
1423 826 1540 903 ἐγὼ
1582 825 1883 891 κάλλιστα
1926 831 2313 903 μνημονεῦσαι
2361 848 2447 889 σε.
2499 826 2715 889 Οὐκοῦν

715 942 1124 1020 παιδευθέντα,
1187 944 1442 1027 ἔφησθα,
1505 952 1851 1023 γεωμετρεῖν
1866 994 1885 1026 ,
1936 945 1969 1021 ἢ
2013 950 2165 1020 πῶςς
2225 944 2404 1021 Κάγὼ
2445 943 2511 1007 τὸ
2562 940 2717 1020 μετὰ

711 1067 912 1127 ταῦτα
955 1058 983 1126 ὃ
1029 1064 1188 1144 ἐπῄει
1233 1087 1328 1139 μοι
1373 1065 1551 1127 εἰπεῖν
1596 1066 1696 1129 οὐκ
1742 1060 1897 1127 εἶπον
1915 1114 1931 1141 ,
1970 1062 2330 1146 φοβούμενος
2368 1064 2451 1140 μὴ
2488 1066 2715 1140 σμικροῦ

709 1181 961 1259 ῥήματος
1019 1179 1187 1246 ἕνεκα
1243 1182 1340 1247 τὸν
1397 1180 1643 1247 ἔκπλουν
1697 1181 1755 1247 ὃν
1816 1182 2194 1264 προσεδόκων,
2247 1183 2332 1259 μή
2381 1204 2476 1260 μοι
2524 1178 2713 1248 στενὸς

712 1297 774 1381 (l.
822 1297 1036 1382 στένος)
1083 1300 1337 1377 γίγνοιτο
1383 1302 1512 1365 ἀντ’
1558 1300 1928 1381 εὐρυχωρίας.

798 1414 873 1478 In
921 1416 1118 1481 verbis
1169 1417 1313 1481 αὐτὸ
1359 1423 1531 1483 τοῦτο
1551 1466 1565 1481 .
1590 1467 1603 1481 .
1626 1466 1640 1481 .
1702 1418 1865 1497 μόνον
1926 1426 2017 1481 est
2069 1416 2345 1481 affectata
2391 1415 2713 1500 emphasis;

711 1556 887 1597 nemo
935 1542 1090 1599 certe
1137 1534 1502 1599 desideraret
1544 1535 1913 1600 vocabulum
1953 1536 2135 1613 μόνον,
2183 1536 2235 1598 si
2266 1534 2518 1599 abesset.
2567 1532 2711 1596 Ver·

716 1653 958 1730 borum,
992 1652 1064 1717 σὺ
1089 1654 1146 1717 δὲ
1176 1653 1272 1717 καὶ
1304 1656 1455 1731 μάλ’
1485 1655 1767 1735 ἀπεκρίνω
1792 1656 2207 1733 μεμηνιμένως,
2236 1654 2508 1737 quaesita
2534 1658 2718 1714 struc-

659 1838 662 1843 ,
709 1778 848 1839 tura
906 1777 998 1835 est
1057 1773 1199 1855 (quo
1247 1795 1463 1856 genere
1513 1773 1826 1837 abundant
1870 1773 1985 1837 hae
2028 1773 2340 1858 epistolae)
2401 1793 2510 1856 pro
2554 1770 2627 1834 σύ
2670 1770 2716 1833 δ’

709 1889 988 1971 ἀπεκρίνω
1005 1939 1020 1967 ,
1065 1890 1165 1954 καὶ
1210 1890 1384 1961 μάλα
1413 1892 1829 1970 μεμηνιμένως.
1890 1890 2176 1955 Ceterum
2206 1888 2540 1953 sufficiebat
2573 1910 2716 1951 sane

645 2028 650 2033 ·
713 2028 904 2070 unum
965 2007 1337 2088 ὑβριστικῶςς
1401 2015 1605 2073 noster
1665 2010 1843 2073 solita
1896 2008 2351 2094 exaggeratione
2398 2006 2567 2070 addit
2613 2030 2716 2085 με-

711 2126 1056 2209 μηνιμένως,
1107 2127 1472 2191 vocabulum
1526 2129 1791 2193 insolens
1810 2178 1827 2207 ,
1878 2150 2068 2212 aeque
2114 2150 2182 2192 ac
2226 2106 2479 2191 verbum
2502 2126 2715 2203 μηνίειν

711 2243 1088 2328 pedestribus
1130 2246 1524 2330 scriptoribus
1570 2248 1949 2311 inusitatum.
2014 2244 2231 2330 Neque
2278 2245 2393 2308 hoc
2439 2244 2530 2308 illi
2570 2244 2713 2307 satis

711 2362 984 2441 videtur,
1049 2363 1153 2427 sed
1207 2364 1565 2449 interposita
1609 2366 1955 2451 parenthesi
2000 2365 2097 2450 (de
2144 2387 2266 2450 qua
2310 2367 2471 2448 mox)
2518 2363 2712 2426 addit:

711 2476 870 2553 εἶπες
915 2482 974 2546 δὲ
1019 2482 1116 2546 καὶ
1162 2481 1310 2559 μάλ’
1353 2482 1679 2556 ἀπλάστως
1724 2490 1932 2562 γελῶν.
2028 2482 2193 2562 Quid
2250 2482 2367 2546 sibi
2412 2483 2556 2547 velit
2602 2482 2716 2545 hoc

710 2599 846 2663 loco
889 2600 1250 2665 vocabulum
1289 2601 1645 2679 ἀπλάστως,
1689 2604 1985 2688 conjicere
2024 2602 2265 2666 difficile
2304 2610 2425 2666 est:
2474 2600 2716 2685 proprie

711 2716 1012 2801 significat
1063 2740 1176 2781 non
1211 2721 1452 2802 fictum,
1516 2742 1630 2785 non
1662 2721 1971 2807 fucatum,
2021 2719 2081 2783 h.
2131 2742 2182 2783 e.
2238 2720 2538 2783 sincerum.
2632 2721 2716 2781 At

707 2835 924 2899 sincero
984 2838 1150 2900 vultu
1207 2836 1400 2901 ridens
1451 2860 1577 2901 non
1622 2839 1903 2901 convenit
1947 2843 2105 2901 certe
2153 2837 2460 2921 scriptoris
2505 2836 2714 2899 menti.

708 2951 876 3017 Num
935 2954 1258 3026 ἀπλάστως
1321 2954 1474 3019 dixit
1531 2978 1640 3040 pro
1686 2957 1959 3035 ἀγροικῶς
1976 3005 1993 3038 ,
2042 2956 2256 3018 inculte
2272 3004 2291 3031 ‚
2340 2928 2589 3036 aqi-este,
2640 2975 2715 3016 an

705 3070 860 3135 forte
909 3094 1072 3135 error
1117 3080 1208 3135 est
1251 3072 1482 3137 librarii
1510 3074 1837 3145 ἀπλάστως
1869 3073 2184 3138 scribentis
2226 3094 2335 3157 pro
2364 3072 2710 3147 ἀπλήστως,

706 3189 766 3253 h.
817 3212 866 3253 8.
915 3190 1366 3269 insatiabiliter,
1415 3192 1590 3276 qffuse
1634 3191 1885 3255 ridens?
1954 3191 2089 3255 Hoc
2135 3191 2312 3255 facile
2343 3190 2616 3254 adducor
2646 3195 2717 3253 ut
2761 3212 2771 3228 ¹

711 3308 982 3385 credam,
1017 3331 1386 3394 quamquam
1415 3310 1924 3374 accommodatius
1950 3310 2309 3375 vocabulum
2331 3309 2528 3373 fuerat
2552 3306 2716 3391 quod

707 3425 784 3490 de
843 3425 994 3513 Rep.
1051 3426 1118 3505 I,
1175 3450 1235 3512 p.
1295 3430 1419 3492 337
1478 3430 1569 3507 A,
1628 3428 1701 3492 de
1762 3428 2209 3513 Thrasymacho
2272 3426 2528 3491 dicitur:
2590 3428 2713 3490 ἀνε-

707 3546 990 3627 κάγχασέ
1026 3572 1092 3611 τε
1138 3547 1314 3625 μάλα
1351 3546 1631 3626 σαρδόνιον
1667 3546 1767 3612 καὶ
1806 3544 1981 3611 εἶπεν.
2037 3548 2357 3612 sardonius
2387 3547 2541 3609 risu-3
2572 3544 2713 3608 dici-

708 3670 810 3727 tur
857 3664 1034 3727 fictus
1092 3672 1152 3727 et
1218 3666 1652 3729 amarulentus
1732 3664 1850 3729 Sed
1911 3665 2061 3750 quid
2116 3665 2230 3728 sibi
2274 3664 2491 3730 volunt
2534 3663 2714 3728 verba

705 3782 771 3846 in
831 3783 1178 3867 parent-hesi
1239 3784 1470 3868 posita,
1536 3784 1615 3850 διὸ
1677 3785 1742 3851 τὸ
1802 3785 1936 3850 τότε
1983 3809 2065 3849 σοι
2113 3782 2376 3866 ὕβρισμα
2420 3788 2514 3849 νῦν
2560 3780 2711 3861 ὕπαρ

700 3902 830 3966 ἀντ’
875 3901 1154 3982 ὀνείρατος
1199 3901 1472 3979 γέγονενς
1516 3902 1715 3984 ο’Ύπαρ
1747 3904 1873 3968 ἀντ’
1904 3905 2180 3983 ὀνείρατος
2213 3902 2514 3989 significat
2546 3900 2709 3984 quod

706 4040 779 4081 ex
839 4017 1098 4083 obscuro
1155 4020 1225 4083 fit
1269 4020 1500 4085 clarum
1517 4071 1535 4099 ,
1587 4021 1831 4105 quando
1878 4044 1910 4084 e
1956 4021 2223 4086 tenebris
2269 4020 2374 4083 lux
2423 4019 2707 4083 exoritur.

699 4135 883 4200 Polit.
932 4160 1012 4222 p..
1044 4140 1170 4202 278
1219 4137 1305 4202 E:
1355 4137 1419 4203 ἵν’
1456 4137 1609 4218 ὕπαρ
1648 4143 1776 4205 ἀντ’
1799 4138 2073 4219 ὀνείρατος
2099 4144 2235 4216 ἡμῖν
2260 4140 2556 4216 γίγνηται.
2605 4136 2710 4199 Di-
