3025 5067
1280 420 1405 481 215

329 626 743 710 sophistarum
806 626 1132 707 απόῤῥητα,
1199 633 1267 690 ut
1327 626 1390 690 in
1436 625 1768 691 Theaeteto
1815 649 1874 711 p.
1930 630 2051 689 152
2102 626 2190 703 E,
2241 626 2346 690 ubi

329 745 399 807 in
460 744 855 831 Protagoram
914 743 1105 809 dicit:
1174 747 1325 811 τοῦθ’
1373 749 1508 821 ἡμῖν
1571 746 1677 821 μὲν
1731 744 1854 827 ᾗνίξ
1857 770 1964 811 ατο
2020 750 2100 827 τῷ
2147 750 2346 825 πολλῷ

328 867 597 945 συρφετῷ
614 911 633 940 ,
696 870 815 934 τοῖς
869 864 925 928 δὲ
970 866 1265 941 μαθηταῖς
1312 865 1370 928 ἐν
1414 865 1705 945 ὧπορῥήτῳ
1751 866 1853 938 τὴν
1897 862 2172 939 dandal-xv
2221 865 2346 929 ἔλε-

328 1006 459 1059 γεν.
552 980 645 1045 Cf.
693 980 841 1047 ibid.
891 1005 951 1067 p.
1008 984 1129 1045 155
1179 981 1251 1046 E.
1289 983 1337 1065 1)

424 1099 584 1184 Ergo
632 1122 787 1185 quae
834 1100 908 1165 de
954 1122 1173 1165 arcana
1218 1108 1279 1165 et
1310 1103 1735 1178 αἱνιγματωδεΐ
1763 1100 2040 1165 Platonis
2072 1100 2350 1165 doctrina

328 1219 645 1295 feruntur,
695 1240 766 1281 ea
810 1228 954 1281 sunt
1000 1225 1341 1283 commenta
1386 1219 1681 1283 seriorum
1713 1218 2204 1299 Platonicorum,
2239 1220 2349 1303 qui

332 1345 405 1401 ut
450 1347 711 1422 augusta
755 1337 1019 1421 quadam
1064 1338 1401 1401 divinitatis
1442 1339 1641 1423 specie
1681 1338 1956 1404 Platonis
1989 1339 2346 1423 sapientiam

331 1466 619 1520 ornarent
632 1504 652 1534 ‚
714 1458 999 1541 mysteria
1058 1456 1463 1541 Pythagorica
1525 1458 1589 1521 in
1653 1456 2040 1521 Academiam
2088 1464 2348 1521 transtu-

330 1574 557 1639 lerunt.

1271 1842 1411 1925 §a

622 2108 890 2173 Phtom'e
932 2132 1081 2195 quae
1097 2110 1393 2194 seruntur
1437 2106 1699 2189 ἄγραφα
1745 2110 2045 2185 δόγματα.

937 2228 1272 2308 Διαιρέσεις.
1342 2227 1726 2308 Πυθαγόρεια.

423 2463 812 2549 Quamquam
858 2476 1063 2530 autem
1111 2473 1348 2529 constat
1395 2464 1716 2529 Platonem
1765 2463 1998 2528 nullam
2039 2462 2350 2528 doctrinae

334 2591 564 2669 partem
624 2584 786 2649 intra
838 2583 1079 2648 scholae
1126 2584 1424 2648 cancers
1471 2583 1771 2648 reclusam
1801 2584 2071 2647 tenuisse
2089 2632 2107 2659 ,
2143 2604 2350 2647 verum

334 2702 409 2767 de
470 2702 839 2787 gravissimis
900 2702 1361 2788 quaestionibus
1422 2702 1648 2788 placita
1711 2725 1821 2767 sua
1866 2702 2067 2787 palam
2114 2701 2352 2765 enunti-

334 2844 464 2886 asse
518 2829 579 2885 et
623 2820 880 2906 dialogis
928 2820 1224 2899 edidisse,
1274 2821 1627 2886 ferebantur
1673 2831 1876 2886 tamen
1915 2822 2042 2907 jam
2090 2820 2353 2903 antiqui-

332 2948 434 3004 tus
479 2940 755 3004 Platonis
802 2941 1063 3021 ἄγραφα
1110 2941 1408 3025 quaedam
1455 2940 1740 3018 δόγματα
1758 2992 1772 3018 ,
1820 2940 1881 3003 h.
1931 2963 1982 3004 e.
2016 2939 2165 3004 talia
2194 2961 2351 3022 quae

335 3067 445 3122 aut
490 3080 593 3123 ore
638 3058 863 3122 tradita
910 3066 1015 3122 aut
1061 3060 1126 3123 in
1157 3060 1604 3123 commentariis
1636 3066 1848 3123 notata
1879 3081 2002 3123 non
2034 3060 2098 3122 in
2130 3058 2349 3143 vulgus

332 3177 494 3242 elata
540 3187 774 3256 essent,
824 3177 931 3242 sed
976 3178 1374 3241 familiaribus
1433 3186 1676 3243 tantum
1721 3186 2016 3263 paterent.
2087 3176 2188 3241 Ad
2235 3178 2352 3241 hoc

332 3319 528 3381 genus
575 3304 853 3382 spectant
898 3319 1053 3380 quae
1102 3296 1393 3381 leguntur
1436 3296 1630 3381 Epist.
1667 3296 1828 3374 VII,
1863 3320 1922 3382 p.
1959 3299 2088 3360 344
2119 3296 2208 3374 E,
2243 3296 2350 3361 ubi

331 3417 621 3500 scriptor,
684 3394 1129 3500 reprehendens
1179 3414 1546 3499 Dionysium
1577 3415 1742 3499 quod
1776 3414 2196 3501 philosophiae
2228 3415 2353 3500 pla·

332 3533 823 3616 citafledidisset,
871 3536 1019 3599 haec
1066 3533 1246 3598 dicit:
1287 3534 1422 3599 οὔτε
1459 3535 1579 3615 γὰρ
1620 3536 2144 3614 ὑπομνημάτων
2173 3534 2350 3615 χάριν

333 3655 469 3721 αὔτ’
514 3654 776 3734 ἔγραψεν
796 3676 809 3690 ·
850 3654 1001 3720 οὐδὲν
1041 3654 1160 3736 γαρ
1214 3655 1383 3719 δεινὸν
1422 3656 1507 3731 μή
1546 3678 1636 3726 τις
1671 3653 1805 3718 αὕτ’
1835 3654 2212 3735 ἐπιλάθηται,
2249 3654 2350 3718 ἐὰν

332 3773 505 3851 ἅπαξ
540 3784 613 3856 τῇ
652 3782 826 3857 ψυχῇ
858 3774 1150 3857 περιλάβῃ
1169 3797 1184 3812 ·
1209 3774 1443 3838 πάντων
1466 3777 1586 3853 γαρ
1610 3774 1668 3837 ἐν
1697 3772 2344 3853 βραχυτάτοις.κεῖται.

402 4122 453 4182 1)
488 4122 667 4172 Mirum
701 4122 940 4187 quomodo
974 4121 1366 4187 Wyttenbachius
1397 4122 1457 4171 ad
1509 4120 1689 4172 Phacd.
1725 4138 1772 4185 p.
1810 4118 1904 4171 137
1939 4120 2058 4168 hacc
2093 4117 2236 4169 verba
2276 4117 2348 4166 ita

334 4218 548 4283 accipere
583 4220 821 4285 potuerit,
857 4221 991 4285 quasi
1023 4221 1163 4270 Plato
1199 4219 1291 4285 ipsi
1325 4220 1509 4269 Socrati
1546 4219 1794 4286 ἀπόῤῥητα
1827 4215 2056 4280 quaedam
2092 4215 2289 4263 tribuat.
