3025 5067
1289 413 1369 475 79

295 620 646 695 „arcessivi
701 620 874 685 illum
937 628 999 685 et
1041 620 1267 685 iterum
1313 641 1642 699 arcessam,
1690 620 1743 683 si
1788 618 2133 685 auscultare
2174 618 2329 685 mihi

296 740 527 818 „velit
588 740 952 825 Dionysium
999 748 1202 805 autem
1249 761 1356 803 oro
1401 746 1464 803 et
1507 738 1717 824 flagito
1760 746 1835 804 ut
1848 789 1867 818 ,
1916 740 1967 803 si
2022 740 2160 825 quis
2206 739 2329 804 He·

295 857 575 936 „raclidi
634 858 875 923 obviam
935 858 1005 922 fit
1063 857 1161 922 vel
1219 859 1348 922 ruri
1407 857 1504 922 vel
1565 858 1633 922 in
1690 857 1841 923 urbe
1855 908 1874 936 ,
1936 858 2094 923 nihil
2159 858 2329 923 aliud

296 977 672 1054 „molestiae
719 979 774 1042 ci
821 978 950 1042 fieri
997 978 1158 1042 sinat
1215 978 1334 1042 nisi
1393 984 1466 1041 ut
1497 977 1733 1041 exsulet
1762 1000 1795 1042 e
1823 958 2071 1062 regione
2081 1027 2101 1057 ,
2136 977 2329 1043 donec

298 1094 692 1181 „Dionysius
739 1096 915 1161 aliter
956 1104 1206 1160 statuat.
1255 1094 1392 1159 Hoc
1408 1145 1427 1174 ,
1471 1096 1681 1180 inquit
1696 1145 1715 1174 ,
1764 1096 2131 1182 Dionysium
2172 1119 2331 1161 com-

294 1214 592 1298 „pellans
607 1262 628 1292 ‚
676 1222 748 1279 tu
791 1214 946 1279 mihi
991 1214 1338 1300 promittis?
1406 1213 1705 1279 Promitto
1723 1264 1741 1293 ‚
1774 1215 2091 1301 respondit
2105 1265 2125 1294 ,
2151 1238 2287 1279 eum
2306 1264 2326 1294 ,

295 1354 436 1410 „ne
482 1333 647 1398 domi
691 1332 941 1417 quidem
983 1340 1128 1397 tuae
1169 1334 1222 1396 si
1253 1332 1743 1417 deprehendatur
1757 1382 1775 1410 ,
1824 1334 2154 1417 quicquam
2184 1331 2331 1397 mali

295 1473 682 1535 „passurum
727 1459 938 1516 contra
981 1450 1148 1535 quod
1193 1472 1360 1515 nunc
1405 1457 1653 1536 pactum
1700 1451 1853 1515 est.’'

401 1568 792 1654 Quicumque
826 1592 1040 1655 graeca
1069 1569 1252 1635 verba
1283 1570 1475 1655 legat,
1513 1578 1801 1655 agnoscat
1829 1569 1925 1635 bis
1948 1578 2161 1654 terque
2184 1570 2331 1634 rele-

295 1688 512 1773 genda
555 1710 684 1753 esse
729 1694 804 1753 ut
845 1710 1092 1753 sensum
1137 1710 1477 1773 assequare.
1571 1688 1771 1753 Causa
1810 1688 2197 1753 obscuritatis
2228 1710 2333 1774 po-

297 1805 432 1869 sita
474 1806 694 1891 partim
739 1807 804 1873 in
851 1806 1175 1872 verborum
1221 1805 1581 1891 ambagibus
1597 1854 1617 1884 ,
1665 1814 1739 1871 ut
1782 1806 1849 1870 in
1892 1806 2025 1870 his:
2075 1807 2177 1871 ἐὰν
2215 1806 2332 1882 ἐγὼ

295 1926 574 2003 γε’νωμαι
620 1927 777 2008 δεῦρο
823 1928 942 2005 Rp.
991 1927 1228 2004 κομίσαι
1251 1926 1487 1997 δυνατὸς
1521 1928 1658 2003 ἡμῖν
1696 1926 1775 1997 εἷς
1806 1928 2015 2003 λόγους
2032 1976 2050 2001 ,
2085 1946 2195 2009 pro
2226 1925 2329 1990 ἐοὶν

297 2045 564 2123 δύνωμαι
627 2046 834 2111 πείθειν
898 2045 1270 2125 Ἡρακλείδην
1315 2047 1452 2123 ἡμῖν
1498 2045 1577 2113 εἷς
1623 2043 1835 2122 λόγους
1880 2046 2097 2121 ἐλθεῖν;
2146 2042 2334 2107 dein:
2435 2025 2442 2032 ’

299 2163 802 2243 μετεπεμψάμην
839 2161 1100 2243 πρότερον
1113 2213 1131 2238 ,
1159 2212 1174 2228 .
1206 2213 1220 2228 .
1249 2212 1264 2227 .
1311 2162 1793 2239 μεταπέμψομαι
1841 2163 1899 2226 δὲ
1946 2163 2047 2227 καὶ
2096 2168 2221 2238 νῦν,
2261 2160 2333 2227 ἄν

294 2283 366 2344 τ’
409 2280 529 2345 ἀπὸ
588 2289 695 2356 τῆς
757 2277 1032 2361 προτέρας
1091 2288 1493 2358 μεταπομπῆς
1521 2328 1536 2344 .
1567 2328 1582 2344 .
1611 2328 1626 2343 .
1674 2276 1747 2343 ἄν
1791 2282 1848 2343 τ’
1894 2281 2014 2345 ἀπὸ
2059 2289 2165 2355 τῆς
2210 2286 2327 2345 νῦν.

295 2398 540 2463 Partim
608 2398 946 2463 obscuritas
1015 2398 1210 2462 oritur
1270 2418 1344 2461 ex
1405 2396 1729 2461 omissione
1789 2398 2107 2463 nominum
2172 2419 2330 2483 quae

299 2518 624 2603 supplevi,
689 2518 914 2603 partim
969 2517 1233 2603 denique
1279 2539 1312 2580 e
1350 2518 1643 2603 junctura
1686 2517 2095 2591 membrorum
2142 2518 2332 2605 impe-

299 2636 442 2700 dita
486 2644 548 2701 et
593 2636 882 2722 ambigua
895 2686 914 2715 ,
971 2644 1044 2701 ut
1087 2658 1212 2701 non
1259 2656 1506 2699 sensum
1553 2658 1587 2699 e
1631 2635 1859 2714 verbiS,
1916 2634 2022 2699 sed
2068 2659 2101 2700 e
2146 2658 2332 2701 sensu

301 2756 486 2821 verba
551 2757 852 2842 explicare
913 2756 1154 2821 debeas.
1248 2734 1464 2820 Velut
1497 2756 1565 2819 in
1610 2754 1740 2818 his:
1789 2754 1863 2821 ἂν
1908 2753 2027 2834 ἄρα
2070 2757 2156 2833 μὴ
2202 2754 2333 2836 δόξῃ

300 2876 420 2940 δεῖν
489 2876 666 2941 αὐτὸν
725 2877 892 2941 οἰκεῖν
952 2876 1010 2941 ἐν
1054 2876 1300 2958 Σικελία
1310 2924 1330 2954 ,
1378 2882 1519 2959 post
1572 2873 1705 2956 δόξῃ
1747 2874 2149 2959 perspicuitas
2198 2897 2333 2961 pos-

305 2994 475 3057 tulat
526 2995 710 3059 inseri
744 2996 1015 3075 Διονυσίῳ
1029 3044 1048 3071 ,
1094 3000 1306 3059 contra
1335 2994 1446 3057 δεῖν
1478 2992 1698 3057 melius
1730 2992 1969 3057 abesset
2017 2992 2115 3076 (cf.
2150 3014 2335 3078 supra

303 3136 369 3197 p.
419 3115 547 3197 45).
634 3111 874 3177 Deinde
920 3132 1114 3196 quum
1152 3112 1361 3198 jungit
1405 3113 1583 3176 αὐτὸν
1624 3112 1793 3175 οἰκεῖν
1840 3113 1899 3175 ἐν
1947 3121 2075 3176 Σικ.
2123 3110 2219 3175 τὸν
2262 3134 2331 3173 τε

302 3230 424 3295 υἱὸν
460 3229 736 3309 λαβόντα
780 3255 835 3296 κ.
883 3255 939 3295 τ.
989 3237 1246 3307 γυναῖκα
1289 3228 1430 3304 ἀξιῶ
1466 3230 1549 3300 εἰς
1586 3240 1733 3294 Πελ.
1773 3229 2094 3303 ἀποπλεῖν,
2145 3226 2363 3291 ambi--

301 3370 502 3433 guum
563 3356 658 3413 est
672 3397 692 3427 ,
755 3358 966 3414 utrum
1028 3349 1416 3435 participium
1471 3349 1747 3425 λαβόντα
1793 3369 1934 3412 cum
1968 3368 2331 3441 ‘praegresso

300 3470 474 3533 οἰκεῖν
525 3490 604 3533 an
651 3490 794 3533 cum
839 3474 1134 3553 sequente
1177 3470 1468 3533 ἀποπλεῖν
1508 3466 1896 3552 jungendum
1944 3467 2045 3530 sit.
2128 3466 2333 3530 Poste·

299 3586 436 3649 rius
499 3586 720 3651 suadet
778 3608 1014 3650 sensus·
1075 3585 1196 3651 Sed
1240 3586 1433 3650 maior
1479 3584 1820 3650 obscuritas
1864 3591 2154 3649 remanet.
2232 3583 2335 3649 In-

299 3705 456 3790 cipit
516 3704 636 3768 sic:
688 3705 979 3772 Διονύσιον
1026 3706 1142 3781 ἐγὼ
1189 3706 1360 3769 πείθω
1407 3707 1651 3787 τουτονί,
1700 3704 1799 3769 ἐάν
1845 3709 1998 3783 cet.;
2047 3702 2333 3789 deinceps

303 3826 394 3888 sic
458 3825 692 3909 pergit:
755 3825 854 3889 τόν
914 3848 982 3887 τε
1043 3824 1157 3889 υἱὸν
1218 3824 1493 3901 λαβόντα
1552 3824 1651 3888 καὶ
1712 3825 1816 3895 τὴν
1877 3829 2135 3901 γυναῖκα
2190 3820 2333 3899 ἀξιῶ

299 3943 729 4027 (Ἡρακλείδην)
783 3944 864 4014 εἰς
902 3942 1329 4017 Πελοπόννησον
1381 3945 1689 4006 ἀποπλεῖν.
1754 3940 2028 4027 Scriptor
2072 3940 2189 4003 hoc
2235 3962 2335 4004 vo-

297 4060 428 4125 luit
489 4060 724 4125 dicere:
789 4059 1134 4145 „Dionysio
1194 4060 1529 4145 persuadeo
1542 4110 1561 4137 ,
1625 4060 1677 4123 si
1723 4066 1837 4124 etc.
1851 4109 1870 4137 ,
1918 4080 2181 4142 eumque
2228 4080 2334 4123 oro

297 4188 376 4245 ut
423 4178 782 4244 Heraclides
829 4180 894 4243 in
939 4179 1428 4264 Peloponnesum
1473 4177 1780 4265 naviget.'’
1872 4177 2105 4241 Graeca
2150 4177 2333 4241 verba
