3025 5067
1580 398 1615 457 6

684 603 903 667 Paucis
971 626 1110 667 vero
1181 604 1353 667 annis
1423 612 1561 688 post
1617 603 1843 687 prodiit
1885 602 2039 666 liber
2085 602 2280 680 Astii,
2328 600 2599 665 Platon’s

595 722 802 786 Lebcn
847 723 976 787 und
1022 722 1323 786 Schriften
1370 723 1625 805 (1816),
1675 722 1739 785 in
1786 744 1934 805 quo.
1955 713 2187 785 sincera
2228 728 2288 785 et
2319 742 2603 804 germana

596 842 869 906 Platonis
932 843 1156 926 scripta
1215 865 1250 904 a
1311 840 1748 905 commenticiis
1812 849 1871 903 et
1931 839 2097 903 falsis
2158 831 2462 903 secernere
2517 839 2604 901 in-

597 962 818 1025 stituit.
911 960 1030 1023 Hic
1077 959 1384 1045 Epistolas
1431 982 1639 1023 omnes
1686 960 1923 1044 spurias
1962 958 2295 1044 judicavit3
2358 965 2601 1022 tantum

597 1079 804 1143 abesse
866 1078 1076 1142 docuit
1137 1085 1208 1142 ut
1265 1078 1362 1142 vel
1420 1077 1696 1141 Platonis
1758 1078 2074 1162 ingenium
2131 1090 2194 1142 et
2238 1077 2599 1142 sententiam
2710 1118 2717 1123 -

596 1198 858 1263 referant
902 1198 998 1261 vel
1042 1220 1251 1261 verum
1296 1220 1499 1262 rerum
1546 1204 1854 1261 auctorem
1904 1205 1965 1262 et
1994 1204 2213 1261 testem
2245 1197 2597 1274 ostendant,

598 1324 669 1381 ut
727 1317 932 1402 potius
979 1316 1054 1381 ab
1101 1317 1230 1401 ejus
1276 1323 1478 1380 mente
1495 1366 1513 1394 ‚
1564 1316 1898 1394 sententia,
1949 1315 2219 1380 dictione
2263 1316 2597 1401 plurimum

596 1438 858 1514 distent,
924 1443 1057 1500 tum
1116 1436 1327 1500 multis
1390 1435 1665 1521 partibus
1711 1436 2064 1499 contineant
2107 1436 2285 1513 ficta,
2332 1435 2600 1513 insulsa,

595 1558 834 1640 inepta:
895 1578 1051 1638 quae
1111 1555 1330 1639 passim
1396 1554 1687 1640 exemplis
1750 1561 1810 1618 et
1870 1555 2243 1638 argumentis
2302 1553 2603 1619 declarare

596 1676 885 1739 instituit.
977 1674 1182 1759 th‘us
1227 1674 1382 1738 liber
1427 1681 1670 1738 tantum
1701 1674 1919 1738 habuit
1950 1674 2275 1750 momenti,
2310 1681 2384 1737 ut
2425 1673 2497 1736 ab
2531 1696 2602 1736 eo

596 1794 738 1858 inde
783 1804 1053 1879 tempore
1097 1816 1317 1878 magna
1363 1795 1522 1857 facta
1568 1794 1648 1858 sit
1693 1794 2052 1879 opinionum
2089 1793 2370 1857 mutatio,
2417 1791 2605 1855 Pleri-

598 1936 716 1997 que
775 1911 1019 1975 Platoni
1080 1911 1386 1996 Epistolas
1443 1911 1791 1997 abjudicare
1838 1918 2195 1996 coeperunt,
2244 1932 2355 1975 nec
2401 1918 2601 1974 tamen

597 2053 836 2094 omnem
904 2030 978 2094 iis
1045 2038 1347 2115 negarunt
1412 2030 1629 2108 fidem,
1692 2028 1799 2093 sed
1844 2035 2077 2114 partem
2124 2051 2331 2093 earum
2380 2028 2433 2092 si
2478 2051 2602 2092 non

539 2135 544 2139 ’
598 2149 671 2213 ab
732 2150 865 2234 ipso
925 2148 1181 2213 Platone
1196 2198 1214 2226 ,
1279 2155 1440 2212 certe
1501 2149 1576 2213 ab
1625 2148 1831 2232 aliquo
1877 2149 2007 2233 ejus
2052 2148 2442 2212 familiarium
2461 2198 2479 2225 ,
2528 2156 2599 2211 ut

597 2268 970 2353 Speusipp0,
1019 2268 1423 2353 conscriptam
1467 2274 1786 2353 putarunt.
1856 2266 1934 2331 In
1980 2266 2095 2330 hac
2143 2267 2445 2331 sententia
2483 2267 2605 2331 fuit

597 2385 929 2463 SocheruS,
993 2385 1195 2450 Ueber
1239 2384 1491 2449 Platons
1539 2385 1842 2450 Schriften
1889 2387 2130 2470 (1820),
2180 2409 2239 2471 p.
2301 2388 2428 2451 376
2463 2364 2600 2470 sqq.

599 2506 706 2589 qui
765 2505 1072 2591 Epistolas
1129 2505 1206 2569 ad
1251 2504 1615 2589 Dionysium
1632 2554 1651 2583 ,
1716 2505 1792 2568 ad
1850 2505 2111 2569 Dionem
2159 2513 2220 2569 et
2264 2506 2341 2569 ad
2386 2506 2603 2571 Dionis

597 2624 956 2701 familiareS‚
1005 2623 1067 2687 h.
1117 2647 1168 2687 6.
1217 2622 1455 2700 I—IV,
1501 2622 1665 2701 VII,
1718 2622 1913 2701 VIII,
1948 2622 2149 2701 XIII,
2182 2624 2457 2689 Platonis
2490 2624 2607 2689 dis·

598 2741 943 2826 cipulorum
989 2742 1171 2806 alicui
1216 2741 1434 2805 tribuit
1448 2792 1466 2820 ‚
1517 2751 1743 2805 ceteras
1791 2742 2043 2806 seriores
2090 2742 2277 2807 ducit.
2348 2742 2425 2807 In
2472 2766 2605 2807 ean-

531 2854 538 2861 ’
598 2862 737 2925 dem
781 2860 1140 2925 sententiam
1187 2860 1338 2925 abiit
1395 2859 1682 2924 Salomon
1698 2910 1717 2939 ,
1764 2860 1859 2924 De
1918 2860 2159 2925 Platon.
2208 2884 2363 2945 quae
2416 2862 2602 2947 vulgo

597 2980 880 3043 feruntur
908 2978 1066 3064 Epp.
1099 2978 1163 3042 in
1202 2977 1575 3064 Programm.
1619 2978 1839 3064 Gymn.
1872 2977 2073 3043 Berol.
2113 2981 2300 3044 1835.
2334 3004 2393 3066 p.
2425 2984 2525 3045 16.
2558 2982 2607 3065 ¹)

687 3096 728 3161 J
729 3120 827 3161 am
902 3119 973 3161 eo
1041 3105 1290 3162 ventum
1373 3105 1501 3162 erat
1578 3104 1651 3161 ut
1718 3097 2011 3183 epistolae
2077 3098 2220 3163 illae
2288 3098 2605 3164 subtiliore

598 3215 833 3280 trutina
892 3216 1265 3280 examinatae
1326 3216 1392 3280 in
1446 3216 1666 3281 classes
1726 3216 2020 3302 quasdam
2090 3217 2601 3282 distribuerentur

602 3334 1002 3420 praestantiae
1062 3333 1256 3418 gradu
1323 3341 1384 3397 et
1442 3341 1747 3399 vetustate
1807 3334 2097 3419 dispares,
2191 3332 2379 3414 Quod
2439 3357 2606 3420 prae-

600 3460 781 3519 eunte
843 3452 1104 3516 Sochero
1165 3452 1362 3517 facere
1422 3453 1826 3518 instituerunt
1887 3452 2175 3516 Salomon
2225 3452 2291 3516 in
2338 3451 2607 3539 disputa-

598 3572 765 3637 tione
824 3571 1005 3635 modo
1051 3572 1301 3635 laudata
1353 3579 1415 3636 et
1460 3572 1845 3637 Hermannus
1891 3573 1956 3636 in
2003 3594 2215 3657 opere:
2267 3571 2487 3636 Gesch.
2535 3596 2597 3636 u.

599 3690 758 3775 Syst.
838 3688 944 3753 der
1016 3688 1256 3754 Platon.
1321 3690 1474 3775 phil.
1522 3714 1582 3775 p.
1633 3693 1761 3755 423
1810 3713 1898 3774 sq.
1949 3691 2019 3773 2).
2092 3688 2317 3754 Cuncti
2364 3688 2431 3754 in
2492 3690 2609 3754 hoc

666 3888 714 3943 1)
749 3887 825 3936 Cf.
860 3902 1058 3936 censura
1103 3887 1244 3950 hujus
1289 3886 1639 3936 dissertationis
1672 3886 1723 3936 in
1758 3887 1886 3936 Berl.
1918 3886 2085 3936 Jahrb.
2124 3886 2279 3947 1835,
2315 3888 2385 3937 11.
2419 3904 2468 3952 p.
2502 3888 2601 3936 452

597 3997 666 4045 sq.
719 3997 860 4044 quam
911 3982 1102 4045 scripsit
1147 3980 1427 4040 Boumann3
1471 3988 1521 4030 et
1553 3980 1606 4031 in
1642 3982 1847 4031 Zeitsch.
1880 3982 1915 4031 f.
1949 3982 2156 4032 Alterth.
2189 3982 2330 4032 Wiss.
2369 3983 2521 4042 1887,
2558 4000 2607 4049 p.

597 4075 723 4134 274,
758 4080 950 4125 auctore
986 4076 1275 4127 Hermanno.

661 4172 710 4233 2)
747 4173 872 4221 Ante
904 4171 992 4223 hos
1035 4173 1227 4222 eandem
1263 4172 1586 4238 quaest-ionem
1622 4171 1850 4221 tractavit
1882 4172 2107 4237 Wiegand
2121 4211 2137 4233 ,
2168 4173 2289 4238 Epp.
2322 4188 2441 4237 quac
2475 4172 2601 4224 Plat.
