3025 5067
1255 399 1374 459 111

303 613 382 667 ut
449 605 704 669 consilia
765 627 802 668 a
867 627 932 668 se
989 603 1134 668 data
1193 605 1358 668 omni
1419 625 1535 688 ope
1578 603 1839 670 efficiant
1858 655 1877 682 ,
1928 604 2021 668 his
2082 602 2313 667 verbis:

299 725 394 800 μὴ
453 725 790 798 ἀποστῆτε,
847 724 976 804 πρὶν
1034 723 1106 788 ἂν
1165 725 1248 788 τα
1307 729 1404 788 νῦν
1463 725 1569 804 ὑφ’
1624 725 1783 800 ἡμῶν
1834 723 2129 803 λεχθέντα
2180 719 2249 786 οἵ
2248 745 2317 786 ον

298 844 648 922 ὀνείρατα
721 844 875 907 θεῖα
943 841 1348 906 ἐπιστάντα
1415 841 1906 926 ἐγρηγορόσιν,
1974 843 2185 922 ἐναργῆ
2248 865 2318 906 τε

301 958 694 1040 ἐξεργάσησθε
739 960 1086 1026 τελεσθέντα
1128 961 1226 1024 καὶ
1267 962 1494 1041 εὐτυχῆ
1511 1009 1532 1034 ,
1564 961 1787 1038 „nolite
1802 962 1981 1042 prius
2009 960 2281 1024 desistere
2294 1009 2313 1037 ,

299 1103 478 1164 quam
521 1070 591 1143 ea
635 1102 780 1165 quae
823 1102 862 1142 a
905 1079 1066 1142 nobis
1109 1079 1268 1143 dicta
1309 1084 1446 1142 sunt
1461 1127 1480 1155 ,
1528 1078 1681 1142 sicut
1725 1078 1925 1142 divina
1968 1079 2189 1142 somnia
2234 1079 2317 1142 vi-

293 1198 625 1278 yilantibus
682 1199 1012 1274 adstantia,
1075 1198 1384 1283 manifeste
1433 1197 1671 1279 impleta
1716 1197 2085 1261 reddideritis
2128 1203 2185 1260 et
2210 1197 2317 1282 se·

298 1313 506 1379 licia.”
582 1314 751 1396 Quid
811 1323 955 1378 sunt
1013 1314 1458 1399 sesquipedalia
1501 1313 1685 1378 verba
1698 1363 1717 1392 ‚
1766 1315 1885 1378 nisi
1931 1314 2078 1378 haee
2124 1315 2316 1378 sunt?

395 1435 486 1498 Ut
545 1443 748 1500 autem
807 1436 876 1500 in
935 1437 1243 1520 superiore
1303 1435 1591 1520 epistola,
1653 1435 1743 1498 ita
1800 1436 1867 1499 in
1910 1436 2025 1498 hac
2072 1457 2316 1519 quoque

296 1552 586 1636 frequens
649 1562 741 1617 est
798 1554 1058 1617 imitatio
1118 1553 1392 1617 Platonis
1451 1561 1577 1617 tam
1630 1553 1697 1616 in
1756 1553 1955 1617 verbis
2022 1575 2205 1637 quam
2252 1553 2317 1618 in

293 1670 482 1735 rebus
529 1679 590 1734 et
635 1673 950 1736 sententiis
966 1720 985 1749 ,
1033 1672 1212 1736 euius
1257 1672 1496 1756 generis
1544 1671 1843 1755 quaedam
1888 1694 2189 1757 apponere
2221 1672 2315 1735 lu·

293 1791 406 1854 bet
452 1797 777 1874 antequam
821 1791 1068 1854 missam
1111 1790 1328 1855 faciam
1371 1791 1531 1854 hanc
1576 1790 1915 1875 epistolam.
2010 1789 2307 1875 Exemplo

297 1908 385 1971 sit
429 1907 600 1972 locus
646 1930 828 1992 quem
873 1906 1052 1972 modo
1099 1908 1276 1992 attigi
1322 1931 1383 1992 p.
1432 1909 1562 1971 354
1608 1907 1696 1986 B,
1746 1906 1856 1971 ubi
1901 1907 2049 1971 haec
2086 1907 2163 1972 de
2194 1907 2310 1993 Ly-

298 2049 527 2110 curgo:
576 2025 634 2097 ὃς
679 2027 801 2092 ἰδὼν
844 2029 909 2092 τὸ
954 2033 1063 2092 τῶν
1104 2027 1313 2091 οἰκείων
1357 2028 1519 2103 γένος
1566 2029 1623 2091 ἐν
1655 2027 1861 2108 ’Άργει
1898 2027 1996 2090 καὶ
2034 2029 2313 2106 Μεσσήνη

298 2147 368 2208 ἐκ
413 2145 706 2222 βασίλεων
751 2148 830 2216 εἷς
875 2146 1154 2226 τυράννων
1200 2145 1436 2222 δύναμιν
1489 2145 1871 2224 ἀφικομένους
1916 2145 2014 2208 καὶ
2062 2145 2313 2223 διαφθεί-

295 2287 518 2342 ραντας
565 2263 801 2335 ἑαυτούς
848 2288 914 2327 τε
959 2263 1058 2327 καὶ
1104 2265 1208 2337 τὴν
1255 2262 1421 2327 πόλιν
1468 2264 1591 2327 κτέ.
1656 2262 1957 2346 Expressa
1990 2263 2134 2326 haec
2166 2270 2312 2326 sunt

299 2406 334 2446 e
367 2382 524 2446 libro
556 2382 631 2446 de
661 2381 850 2467 Legg.
880 2381 1004 2459 III,
1031 2405 1089 2467 p.
1123 2383 1246 2445 690
1274 2382 1352 2459 D,
1382 2381 1488 2446 ubi
1511 2381 1721 2459 Plato,
1747 2389 2069 2467 postquam
2101 2381 2312 2445 docuit

295 2502 550 2586 quinam
598 2502 988 2586 magistratus
1034 2507 1096 2563 et
1140 2501 1443 2585 quomodo
1490 2500 1735 2564 creandi
1768 2501 1890 2564 sint
1907 2550 1925 2578 ‚
1960 2501 2045 2564 ita
2078 2501 2305 2585 pergit:

295 2627 518 2700 πρῶτον
562 2621 620 2684 δὲ
664 2622 789 2698 μεθ’
834 2623 991 2697 ἡμῶν
1035 2619 1370 2698 ἀνάσκεψαι
1418 2626 1539 2690 πῶς
1576 2644 1642 2684 τε
1682 2621 1778 2684 καὶ
1814 2621 1875 2685 τί
1911 2620 2075 2700 παρὰ
2113 2625 2309 2684 ταῦτα

293 2739 731 2817 ἁμαρτάνοντες
789 2739 834 2804 οἱ
891 2739 1020 2815 περί
1057 2741 1112 2801 τ’
1151 2738 1370 2818 ’Άργος
1413 2737 1515 2802 καὶ
1554 2725 1884 2812 Μεσσήνην’
1900 2737 2170 2814 βασιλεῖς
2211 2737 2312 2800 αὑ-

294 2859 433 2928 τοὺς
507 2854 641 2932 ἅμα
709 2857 810 2921 καὶ
866 2859 969 2931 την
1019 2863 1135 2920 τῶν
1195 2859 1484 2930 Ἑλλήνων
1544 2856 1783 2933 δύναμιν
1809 2908 1823 2922 .
1852 2907 1867 2922 .
1898 2906 1912 2920 .
1977 2856 2309 2936 διέφθειραν.

295 2973 850 3060 Epistolographus
923 2996 1033 3058 pro
1093 2976 1197 3048 τὴν
1256 2977 1548 3047 Ἑλλήνων
1604 2975 1843 3050 δύναμιν
1902 2974 2146 3057 scripsit
2206 2976 2309 3047 τὴν

293 3093 497 3176 πόλιν,
560 3114 776 3177 parum
838 3099 1010 3176 apte,
1069 3114 1259 3176 quum
1321 3091 1396 3155 de
1443 3091 1681 3156 duabus
1727 3092 2075 3156 civitatibus
2122 3092 2305 3155 unius

291 3212 500 3297 gentis
557 3234 752 3276 sermo
814 3212 895 3274 sit
910 3261 926 3287 ‚
993 3211 1172 3294 Argis
1233 3219 1294 3274 et
1339 3211 1634 3275 Messene.
1729 3210 2059 3295 Sequentia
2105 3193 2306 3274 autem

292 3329 448 3396 ibid.
496 3330 587 3394 D:
637 3333 720 3407 μή
767 3319 910 3395 ττοτε
956 3330 1262 3412 ἀπληστίᾳ
1307 3331 1625 3410 ἐλευθερίας
1663 3331 1901 3411 ἀκαίρου
1946 3329 2092 3400 τινὸς
2139 3331 2217 3401 εἰς
2240 3330 2307 3393 τὸ

291 3456 409 3513 τῶν
454 3449 734 3527 προγόνων
780 3447 1006 3525 νόσημα
1054 3448 1137 3531 (h.
1187 3471 1237 3512 e.
1286 3446 1691 3532 tyrannidem)
1738 3447 2095 3530 ἐμπέσωσιν,
2146 3443 2173 3510 ὃ
2213 3447 2307 3512 διὰ

289 3570 401 3642 τὴν
446 3567 608 3644 ἄγαν
653 3567 943 3648 ἀναρχίαν
987 3568 1034 3631 οἱ
1079 3565 1198 3631 τότ’
1245 3566 1450 3631 ἔπαθον
1467 3619 1486 3642 ,
1532 3567 1761 3646 ἀμέτρῳ
1808 3567 2125 3646 ἐλευθερίας
2160 3567 2310 3646 χρώ·

289 3709 450 3764 μενοι
496 3686 688 3764 ἔρωτι,
736 3685 800 3749 in
844 3691 1110 3748 mentem
1155 3693 1439 3748 revocant
1481 3684 1933 3750 nobilissimum
1978 3685 2180 3748 locum
2230 3685 2306 3748 de

287 3805 448 3889 Rep.
506 3803 699 3881 VIII,
760 3827 818 3888 p.
879 3806 1002 3866 562
1060 3803 1118 3866 D
1180 3807 1387 3888 (quem
1432 3804 1614 3868 vertit
1659 3802 1871 3868 Cicero
1918 3803 1993 3868 de
2039 3803 2188 3889 Rep.
2242 3802 2309 3881 I,

287 3925 441 4006 43):
511 3927 544 3998 ἧ
595 3928 695 3986 τοῦ
761 3923 1008 3986 τοιούτου
1071 3923 1175 4004 (se.
1237 3922 1510 4003 πλούτου)
1572 3923 1881 3997 ,ἐπληστία
1945 3924 2042 3986 καὶ
2087 3923 2307 3996 ταύτην

285 4045 400 4117 τὴν
469 4041 761 4106 πολιτείαν
831 4041 1134 4118 μεθίστησί
1201 4066 1269 4105 τε
1338 4040 1436 4104 καὶ
1500 4039 1927 4121 παρασκευάζει
1991 4041 2306 4120 τυραννίδος

286 4161 569 4234 δεηθῆναι.
674 4164 838 4230 Πῶς,
910 4157 1062 4239 ἔφης
1121 4157 1316 4247 ’Ὀταν
1332 4209 1350 4240 ,
1415 4155 1576 4234 οἶμαι
1596 4210 1614 4233 ,
1663 4158 2155 4236 δημοκρατουμένη
2206 4159 2310 4221 πό-
