3025 5067
1664 406 1787 469 174

715 609 792 672 de
835 608 1025 694 Legg.
1072 607 1210 687 III,
1257 632 1318 694 p.
1369 612 1496 672 694
1546 628 1655 694 sq.·
1694 612 1819 673 698
1853 611 1929 674 A.
1992 609 2129 674 Eris
2176 612 2449 675 Armenii
2488 611 2725 674 mentio

715 729 786 791 fit
814 727 891 792 de
921 727 1070 813 Rep.
1118 726 1210 804 X,
1258 750 1318 811 p.
1369 728 1496 790 614
1543 725 1616 791 B.
1681 727 1774 790 De
1805 728 2123 813 Aegyptiis
2154 735 2359 792 autem
2389 751 2727 812 eorumque

715 822 1040 930 disciplina
1098 853 1159 909 et
1216 845 1519 909 institutis
1576 846 1755 930 plura
1812 847 2103 931 leguntur
2156 853 2289 910 tum
2332 848 2399 910 in
2443 847 2727 910 Phaedro

718 971 780 1027 et
822 965 888 1028 in
934 987 1113 1050 opere
1159 964 1235 1027 de
1281 963 1553 1048 Legibus
1574 966 1619 1048 l)
1664 971 1798 1027 tum
1844 965 2165 1050 praecipue
2203 965 2269 1028 in
2299 965 2567 1029 Timaeo,
2614 965 2733 1028 Re-

714 1083 832 1146 fert
876 1082 965 1147 ibi
1009 1104 1344 1166 sermonem
1383 1082 1712 1146 sacerdotis
1737 1082 2026 1168 Aegyptii
2041 1132 2060 1160 ,
2087 1106 2269 1168 quem
2292 1084 2392 1147 hic
2415 1083 2563 1147 olim
2585 1105 2729 1147 cum

714 1200 946 1266 Solone.
983 1201 1324 1280 habuisset,
1366 1223 1489 1285 quo
1522 1201 1775 1266 docetur
1805 1209 2067 1266 veterem
2090 1203 2515 1286 cognationem
2537 1203 2729 1266 fuisse

710 1320 871 1384 inter
929 1320 1266 1406 Aegyptios
1328 1328 1390 1383 et
1450 1320 1855 1385 Athenienses
1902 1329 2087 1406 atque
2132 1324 2330 1408 prisca
2374 1323 2726 1386 Atticorum

709 1440 993 1504 instituta
1009 1489 1030 1518 ,
1106 1441 1402 1525 imprimis
1465 1439 1753 1504 ordinum
1814 1440 2169 1504 divisionem
2187 1465 2215 1519 ,¹
2270 1441 2479 1504 eadem
2538 1441 2729 1504 fuisse

713 1580 869 1642 quae
912 1559 979 1622 in
1007 1559 1284 1644 Aegypto
1309 1566 1445 1621 tum
1475 1557 1679 1622 adhuc
1703 1572 2117 1623 remanerent:
2144 1561 2322 1622 cuius
2345 1560 2434 1623 rei
2456 1560 2731 1622 testimo-

710 1676 814 1775 nia
870 1676 1043 1740 affert
1103 1682 1303 1740 vetera
1347 1683 1765 1740 momumenta
1812 1684 1872 1740 et
1917 1676 2105 1740 libros
2152 1700 2350 1742 sacros
2399 1678 2731 1763 Aegyptio-

710 1817 866 1858 rum.
943 1793 1261 1875 TimaeuS,
1311 1819 1370 1880 p.
1420 1799 1502 1859 23
1553 1796 1639 1860 E:
1686 1806 1791 1871 τῆς
1830 1797 1880 1860 δ’
1904 1797 2084 1861 ἐνθαδὶ
2122 1797 2545 1874 διακοσμήσεως
2580 1799 2726 1876 παρ’

710 1917 847 1991 ἡμῖν
905 1915 962 1978 ἕν
1019 1921 1138 1986 τοῖς
1201 1915 1362 1994 ἱεροῖς
1416 1916 1766 1993 γράμμασιν
1810 1917 2259 1995 ὀκτακισχιλίων
2304 1918 2442 1980 ἐτῶν
2490 1916 2729 1994 ἀριθμὸς

710 2025 1074 2112 γέγραπται.
1139 2031 1232 2096 Cf.
1289 2031 1510 2095 Critias
1532 2083 1549 2110 ‚
1593 2057 1651 2118 p.
1709 2037 1831 2096 119
1877 2033 1950 2097 E.
1999 2033 2165 2098 Num
2198 2035 2547 2098 mirandum
2581 2033 2729 2097 inde

709 2150 991 2214 effectum
1023 2173 1168 2228 esse,
1201 2173 1355 2234 quae
1387 2151 1565 2214 Plato
1590 2151 1895 2214 hominem
1924 2153 2298 2236 Aegyptium
2321 2152 2465 2215 facit
2481 2174 2731 2215 narran-

705 2278 866 2347 tem,
908 2293 977 2333 ea
1013 2271 1217 2353 ipsum
1263 2270 1324 2332 in
1361 2271 1642 2355 Aegypto
1691 2270 2035 2354 accepisse?
2082 2270 2253 2351 Quid
2278 2271 2443 2354 quod
2474 2270 2731 2334 fuerunt

707 2387 813 2470 qui
861 2387 1132 2451 dicerent
1176 2387 1496 2450 Platonem
1546 2389 1844 2472 perfectae
1886 2411 2030 2452 suae
2063 2389 2326 2451 civitatis
2358 2387 2616 2471 effigiem
2648 2387 2729 2450 ab

707 2506 1024 2590 Aegyptiis
1087 2505 1350 2569 duxisse.
1444 2505 1841 2570 Memorabile
1905 2506 2019 2569 hac
2079 2507 2154 2569 de
2198 2529 2263 2568 re
2320 2513 2411 2569 est
2456 2505 2732 2568 testimo-

705 2625 879 2687 nium
949 2622 1258 2687 Crantoris
1281 2675 1299 2700 ,
1364 2624 1470 2707 qui
1534 2624 1653 2687 fuit
1714 2624 2074 2687 Xenocratis
2130 2623 2405 2701 auditor,
2455 2623 2730 2707 aequalis

705 2742 1034 2828 Speusippi
1049 2731 1072 2820 ,'
1117 2749 1423 2806 servatum
1470 2765 1504 2805 a
1550 2743 1765 2807 Proclo
1828 2744 1902 2807 ad
1961 2743 2278 2807 Timaeum
2323 2767 2384 2828 p.
2427 2746 2511 2806 24
2535 2793 2553 2822 ‚
2602 2765 2731 2827 quo

705 2861 840 2924 loco
873 2861 947 2924 de
977 2861 1180 2924 insula
1211 2861 1527 2924 Atlantide
1560 2884 1754 2926 sermo
1788 2870 1897 2926 est.
1964 2862 2167 2926 Verba
2198 2863 2329 2924 eius
2360 2861 2510 2924 haec
2543 2868 2728 2925 sunt:

705 2979 822 3044 Τὸν
890 2978 1013 3059 περὶ
1073 2985 1183 3044 τῶν
1227 2981 1617 3044 Ἀτλαντίνων
1663 2979 1989 3056 ξύμπαντα
2045 2987 2243 3045 τοῦτον
2287 2979 2461 3056 λόγον
2522 2981 2570 3044 οἱ
2617 2980 2729 3054 μὲν

705 3099 955 3178 ἱστορίαν
980 3069 1178 3178 ςψιλὴν
1222 3094 1368 3161 εἷναί
1409 3104 1629 3177 φασιν,
1677 3097 1863 3178 ὥσπερ
1908 3099 1934 3162 ὃ
1982 3104 2197 3177 πρῶτος
2243 3099 2554 3168 Πλάτωνος
2592 3095 2727 3172 ἐξη-

706 3217 892 3292 γητὴς
937 3216 1200 3296 Κράντωρ
1228 3235 1241 3250 ·
1291 3212 1350 3286 ὃς
1395 3215 1459 3288 δὴ
1499 3215 1597 3279 καὶ
1638 3217 2002 3281 σκώπτεσθαι
2040 3217 2147 3294 μέν
2169 3223 2347 3298 φησιν
2370 3215 2545 3280 αὐτὸν
2566 3214 2727 3298 (scil.

705 3333 803 3399 τὸν
848 3333 1166 3417 Πλάτωνα)
1213 3333 1322 3396 ὑπὸ
1366 3337 1477 3398 τῶν
1521 3333 1689 3410 τότε,
1739 3335 1810 3404 ὥς
1856 3337 1955 3398 οὐκ
2000 3336 2175 3398 αὐτὸν
2220 3333 2358 3398 ὄντα
2381 3340 2486 3406 τῆς
2516 3350 2731 3397 πολι-

707 3453 919 3524 τείας
965 3452 1188 3533 εὑρέτην
1211 3501 1230 3528 ,
1279 3451 1448 3515 ἀλλὰ
1500 3450 1997 3532 μεταγράψαντα
2042 3453 2123 3516 τα
2145 3451 2523 3527 Αἰγυπτίων,
2547 3451 2645 3516 τὸν
2668 3451 2731 3515 δὲ

705 3576 970 3633 τοσοῦτον
989 3621 995 3629 .
1014 3569 1354 3644 ποιήσασθαι
1398 3573 1508 3632 τῶν
1548 3569 1925 3633 σκωπτόντων
1964 3568 2163 3648 λόγον,
2194 3568 2342 3632 ὥστε
2364 3571 2460 3633 ἐπ’
2485 3569 2729 3645 Αἰγυπ-

707 3687 858 3758 τίους
903 3686 1262 3768 ἀναπέμψαι
1309 3689 1412 3760 τὴν
1455 3687 1581 3767 περὶ
1630 3689 2018 3752 Ἀτλαντίνων
2064 3689 2286 3760 ταύτην
2331 3688 2604 3767 ἱστορίαν,
2648 3690 2727 3760 ὥς

707 3811 817 3869 τῶν
884 3804 1190 3879 Ἀθηναίων
1249 3805 1410 3869 κατὰ
1467 3805 1688 3881 ταύτην
1734 3805 2023 3886 ζησάντων
2068 3808 2209 3871 ποτὲ
2254 3809 2357 3882 τὴν
2401 3807 2725 3872 πολιτείαν.

707 3927 1049 4001 μαρτυροῦσι
1111 3922 1168 3985 δὲ
1227 3923 1324 3986 καὶ
1388 3925 1436 3986 οἱ
1485 3932 1817 4004 προφῆται,
1864 3924 2045 4007 φησὶ,
2093 3920 2203 3989 τῶν
2248 3925 2585 4001 Αἰγυπτίων
2598 3975 2617 4006 ,
2666 3927 2727 3988 ἐν

773 4195 818 4254 1)
853 4194 968 4242 Loci
1001 4195 1273 4244 indicantur
1305 4195 1363 4244 ab
1397 4195 1675 4244 Hermanno
1709 4211 1755 4260 p.
1796 4195 1905 4244 113.
