3025 5067
1633 406 1757 464 124

684 633 794 672 των
838 609 1168 689 ἀνθρώπων,
1216 611 1505 685 Ἐλλήνων
1551 611 1643 674 καὶ
1686 610 2030 690 βαρβαρων,
2065 611 2350 688 λαμψασ’
2389 610 2463 675 ἂν
2496 612 2709 680 ἱκανῶς

683 726 852 803 δόξαν
898 729 1225 809 παρέστησε
1271 734 1420 794 ποῖσι
1467 732 1571 805 τὴν
1616 731 1824 805 ἀληθῆ.
1866 731 1910 814 ¹)

773 845 1068 930 Quisquis
1102 847 1248 910 haec
1279 847 1457 932 legit,
1493 848 1769 930 agnoscit
1801 847 1997 911 verbis
2030 846 2153 910 illis
2187 869 2537 930 expressum
2572 868 2706 908 esse

684 964 1074 1029 nobilitatum
1108 965 1261 1029 illud
1288 966 1563 1029 Platonis
1598 966 1967 1051 paradoxon,
1995 966 2070 1029 de
2094 966 2242 1049 Rep.
2269 964 2348 1042 V,
2376 989 2435 1050 p.
2464 967 2593 1028 473
2621 963 2700 1027 C:

683 1082 782 1146 ἐαν
813 1085 896 1160 μὴ
933 1084 964 1158 ἢ
997 1085 1044 1147 οἱ
1076 1083 1384 1167 φιλόσοφοι
1415 1085 1841 1163 βασιλεύσωσιν
1876 1087 1933 1150 ἐν
1964 1093 2098 1156 ταῖς
2131 1084 2366 1148 πόλεσιν
2392 1083 2424 1159 ἢ
2448 1084 2493 1147 οἱ
2519 1083 2703 1159 βασι-

683 1209 804 1273 λεῖς
861 1227 927 1266 τε
988 1207 1081 1267 νῦν
1134 1203 1436 1280 λεγόμενοι
1490 1204 1589 1267 καὶ
1637 1203 1915 1268 δυνάσται
1962 1203 2402 1284 φιλοσοφήσωσι
2449 1201 2701 1278 γνησίως

681 1345 748 1385 τε
810 1322 908 1385 καὶ
956 1323 1161 1394 ἱκανῶς
1179 1374 1197 1397 ,
1244 1323 1342 1386 καὶ
1392 1330 1562 1388 τοῦτο
1606 1323 1683 1394 εἷς
1727 1321 1943 1386 ταύτὸν
1988 1321 2260 1400 ξυμπέσῃ
2273 1370 2292 1398 ,
2340 1319 2585 1396 δύναμίς
2630 1344 2702 1383 τε

683 1441 948 1513 πολιτικὴ
1009 1439 1107 1503 καὶ
1167 1440 1529 1523 φιλοσοφία,
1590 1479 1681 1488 -
1737 1441 1837 1504 οὐκ
1896 1441 2017 1504 ἔστι
2071 1446 2262 1504 κακῶν
2308 1444 2520 1502 παῦλα
2564 1444 2701 1508 ταῖς

682 1555 914 1621 πόλεσιν
933 1609 948 1626 ,
988 1557 1125 1621 δοκῶ
1166 1558 1213 1622 δ’
1235 1559 1356 1622 οὐδὲ
1401 1561 1481 1639 τῷ
1526 1559 1847 1638 ἀνθρωπίνῳ
1890 1559 2063 1633 γένει.
2112 1557 2271 1622 Ibid.
2299 1556 2425 1634 VI,
2477 1579 2535 1640 p.
2563 1559 2697 1618 499

681 1675 769 1739 B:
819 1675 1098 1754 ἐλέγομεν
1123 1725 1141 1753 ,
1171 1677 1280 1740 ὑπὸ
1301 1679 1585 1750 τάληθοῦς
1622 1676 2049 1754 ἠναγκασμένοι
2068 1726 2084 1758 ,
2112 1674 2195 1741 ὅτι
2219 1677 2349 1741 οὔτε
2373 1675 2541 1746 πόλις
2562 1675 2703 1739 οὔτε

682 1795 950 1859 πολιτεία
1007 1796 1130 1859 οὐδὲ
1191 1799 1254 1873 γ’
1277 1797 1413 1877 ανὴρ
1474 1797 1674 1872 ὁμοίως
1721 1797 1951 1874 μήποτε
1998 1795 2239 1872 γένηται
2286 1787 2519 1869 τέλεος,
2569 1792 2703 1872 πρὶν

681 1910 753 1976 ἂν
795 1921 914 1983 τοῖς
959 1914 1298 1996 φιλοσόφοις
1326 1965 1341 1980 .
1371 1964 1386 1979 .
1415 1965 1430 1980 .
1476 1915 1713 1992 anonymi
1756 1939 1845 1986 τις
1890 1915 1954 1978 ἐκ
1998 1921 2189 1995 τυχῆς
2235 1912 2565 1994 παραβάλῃ
2590 1961 2605 1976 .
2636 1962 2650 1977 .
2680 1963 2697 1977 .

681 2032 902 2105 πόλεως
950 2035 1395 2109 ἐπιμεληθῆναι,
1423 2085 1438 2099 .
1468 2083 1484 2100 .
1515 2085 1529 2099 .
1580 2035 1613 2109 ἢ
1658 2040 1769 2098 τῶν
1814 2038 1909 2098 νῦν
1957 2036 2013 2098 ἐν
2058 2033 2419 2103 δυναστείαις
2481 2032 2515 2107 ἢ
2576 2031 2701 2107 βα-

679 2153 920 2222 σιλείαις
1003 2149 1172 2216 ὄντων
1249 2151 1419 2216 υἱέσιν
1496 2153 1530 2228 ἢ
1586 2157 1783 2224 αὐτοῖς
1853 2153 1918 2218 ἔκ
1978 2176 2123 2224 τινος
2181 2152 2335 2222 θείας
2394 2150 2697 2221 ἐπιπνοίας

677 2273 943 2346 οὶληθινῆς
989 2272 1342 2352 φιλοσοφίας
1387 2272 1647 2347 ἀληθινὸς
1694 2272 1824 2351 ἔρως
1872 2274 2115 2351 ἐμπέσῃ.

766 2388 896 2468 Qui
927 2388 1037 2453 hos
1068 2389 1233 2454 locos
1265 2413 1407 2454 cum
1436 2390 1748 2474 Epistulae
1779 2369 1976 2454 verbis
2008 2388 2478 2474 comparaverit,
2512 2409 2697 2470 agno-

679 2515 807 2572 scet
836 2507 1153 2572 amborum
1183 2516 1417 2572 tantam
1457 2532 1587 2574 esse
1617 2532 1741 2572 non
1772 2509 1971 2572 solum
2004 2508 2339 2572 sententiae
2370 2506 2476 2570 sed
2510 2506 2693 2569 etiam

679 2625 1001 2689 verborum
1047 2627 1508 2692 similitudinem
1525 2678 1543 2707 ,
1594 2637 1665 2692 ut
1726 2627 1984 2692 alterum
2049 2650 2117 2690 ex
2182 2626 2375 2690 altero
2421 2625 2693 2688 effictum

680 2767 808 2808 esse
891 2745 1208 2808 manifeste
1270 2755 1573 2830 appareat.
1669 2747 1990 2810 Eiusmodi
2068 2745 2327 2810 imitatio
2345 2794 2364 2823 ,
2437 2743 2690 2828 opinor,

678 2863 796 2947 ipsi
843 2864 1078 2926 auctori
1123 2863 1414 2948 imputari
1456 2845 1692 2950 nequit.
1765 2865 1884 2929 Sed
1916 2865 2031 2929 hoe
2078 2873 2150 2928 ut
2188 2864 2498 2940 omittam,
2533 2862 2690 2925 illud

679 3004 713 3045 e
757 2989 965 3046 nostro
1025 2981 1160 3044 loco
1227 2984 1505 3066 sequitur
1520 3032 1539 3061 ,
1611 2984 1963 3069 scriptorem
2025 2991 2274 3067 putasse
2335 3004 2490 3065 opus
2552 2980 2687 3059 Περὶ

679 3099 978 3171 πολιτείας
1026 3123 1062 3162 a
1098 3100 1354 3164 Platone
1401 3109 1543 3166 ante
1590 3103 2001 3186 compositum
2048 3124 2178 3164 esse
2212 3123 2396 3183 quam
2442 3120 2691 3183 peregre

677 3219 983 3303 profectus
1016 3227 1204 3282 esset:
1260 3219 1326 3283 id
1355 3227 1698 3285 monstrant
1744 3205 1968 3285 diserte
1998 3220 2181 3284 verba
2210 3219 2393 3282 haec:
2444 3216 2691 3294 λέγειν

675 3340 730 3401 τ’
771 3336 1170 3413 ἠναγκάσθην,
1238 3341 1544 3403 ἐπαινῶν
1613 3348 1732 3413 τῆν
1800 3341 1987 3420 ὀρθὴν
2046 3337 2487 3419 φιλοσοφίαν
2547 3335 2688 3398 κτέ.

677 3453 838 3518 Nam
877 3455 1128 3519 effatum
1158 3455 1348 3534 illud,
1397 3457 1764 3541 imperantes
1812 3479 1940 3521 esse
1987 3456 2385 3542 philosophos
2431 3455 2684 3531 debere,

679 3575 1007 3638 arctissime
1069 3574 1351 3639 cohaeret
1396 3599 1539 3640 cum
1582 3585 1688 3651 τῆς
1734 3579 1889 3657 ὀρθῆς
1935 3577 2292 3658 φιλοσοφίας
2338 3576 2573 3639 ratione
2627 3582 2691 3638 et

675 3711 945 3770 munere,
972 3693 1036 3756 in
1060 3715 1240 3778 opere
1264 3693 1371 3757 illo
1397 3695 1734 3780 descriptis,
1784 3694 1879 3759 Ne
1903 3695 2039 3778 quis
2065 3703 2269 3759 autem
2294 3693 2541 3779 objiciat
2563 3717 2691 3756 ver-

675 3812 822 3876 bum
845 3812 1040 3890 λέγειν
1062 3819 1332 3896 spectare
1356 3814 1432 3877 ad
1455 3837 1780 3892 sermones»,
1798 3837 1919 3878 non
1946 3815 2021 3878 ad
2046 3815 2301 3899 scriptas
2326 3812 2695 3897 disputatio-

745 4088 792 4148 1)
828 4088 1006 4138 Eadem
1050 4089 1286 4138 sententia
1329 4089 1605 4140 enuntiatur
1638 4090 1791 4154 Epist.
1830 4091 1905 4149 11,
1954 4107 2000 4155 p.
2038 4092 2133 4141 310
2171 4092 2238 4142 E:
2289 4100 2456 4160 πέφυκε
2498 4095 2691 4152 ξυνιέναι

675 4189 738 4244 εἰς
770 4188 913 4237 ταύτὸ
935 4186 1146 4254 φρόνησίς
1179 4207 1233 4240 τε
1267 4191 1344 4240 καὶ
1379 4187 1567 4252 δύναμις
1598 4190 1790 4252 μεγάλη.
