3025 5067
1267 395 1381 456 147

315 596 464 663 dam
486 600 724 686 inepta,
758 601 1099 666 cuiusmodi
1131 608 1224 664 est
1254 601 1456 664 hocce.
1492 599 1704 680 Quum
1730 621 1763 664 a
1786 599 2083 683 Dionysio
2106 600 2327 663 iterum

315 717 385 782 in
423 717 692 801 Siciliam
722 728 970 786 vocatus
1003 727 1191 798 esset,
1216 726 1505 806 reputans
1536 722 1609 792 ὥς
1639 719 1789 786 οὐδὲν
1821 719 2178 796 θαυμαστὸν,
2213 719 2329 783 νέον

313 833 602 918 ἄνθρωπον
634 839 1036 918 παρακούοντα
1065 837 1238 914 ἀξίων
1268 837 1448 916 λόγου
1479 837 1871 918 πραγμάτων,
1904 837 2127 914 εὐμαθῆ
2142 886 2160 918 ,
2194 836 2329 915 πρὸς

315 956 504 1036 ἔρωτα
539 959 720 1022 ἐλθεῖν
763 963 864 1022 τοῦ
894 957 1209 1035 βελτίστου
1239 956 1369 1035 βίου
1387 1006 1404 1037 ,
1440 956 1679 1019 censuit
1709 955 1822 1023 δεῖν
1852 954 1997 1019 αὐτὸ
2022 953 2329 1032 ἐξελέγξαι

315 1081 529 1156 σαφῶς
539 1101 559 1153 3
609 1083 670 1139 et
709 1075 988 1162 deinceps
1035 1083 1241 1139 narrat
1287 1074 1529 1158 qualem
1560 1081 1763 1156 πεῖραν
1794 1073 1871 1138 ad
1900 1073 2180 1158 Dionysii
2212 1073 2335 1136 ani-

317 1215 492 1256 mum
524 1193 958 1279 explorandum
993 1193 1366 1271 adhibuerit,
1399 1216 1458 1278 p.
1493 1195 1621 1256 339
1648 1193 1701 1256 E
1722 1215 1810 1277 sq.
1859 1191 2028 1256 Haec
2052 1190 2331 1274 equidem

318 1312 503 1376 eredo
533 1313 758 1399 =inepto
803 1314 1008 1399 potius
1053 1313 1393 1398 magistello
1439 1335 1622 1397 quam
1670 1312 1925 1376 Platone
1972 1311 2157 1395 digna
2203 1333 2332 1374 esse

316 1431 620 1496 habenda.
684 1432 1014 1519 Dionysius
1052 1441 1188 1498 tum
1219 1434 1456 1498 circiter
1489 1431 1742 1517 triginta
1774 1453 1963 1496 annos
1986 1438 2171 1495 natus
2204 1437 2334 1495 erat

317 1558 382 1614 et
457 1573 564 1634 per
625 1551 894 1636 quinque
955 1574 1144 1616 annos
1205 1551 1529 1637 imperium
1588 1559 1895 1626 tenuerat,
1962 1571 2147 1633 quare
2207 1571 2333 1612 non

316 1679 587 1754 prorsus
625 1673 738 1744 νέος
791 1671 1074 1749 ἄνθρωπος
1123 1671 1373 1756 apellari
1417 1677 1656 1756 poterat
1671 1697 1689 1747 3
1739 1669 1913 1734 Plato
1959 1677 2157 1733 autem
2202 1667 2333 1732 eius

317 1788 636 1872 ingenium
693 1789 873 1872 quale
919 1796 1076 1852 esset
1115 1791 1241 1874 jam
1288 1788 1525 1872 aliquot
1569 1795 1707 1852 ante
1754 1787 1929 1853 annis
1976 1785 2161 1871 probe
2207 1807 2337 1870 per-

317 1905 552 1990 spicere
615 1915 898 1993 potuerat
913 1957 930 1985 ,
990 1929 1178 1990 quare
1239 1906 1570 1971 ridiculum
1631 1914 1760 1970 etat
1804 1927 2043 1990 sperare
2073 1904 2335 1968 subitam

320 2024 588 2107 aliquam
647 2025 1097 2090 conversionem
1159 2026 1224 2088 in
1281 2047 1351 2088 eo
1413 2025 1635 2088 factam
1690 2046 1815 2088 esse
1831 2072 1849 2101 ‚
1914 2023 2107 2108 magis
2152 2023 2331 2088 etiam

318 2142 628 2227 ineptum,
678 2142 914 2207 homini
957 2165 1025 2207 ea
1072 2150 1270 2208 aetate
1314 2142 1499 2206 talem
1547 2141 1831 2206 adhibere
1855 2149 2059 2223 πεῖραν
2078 2193 2095 2224 ,
2139 2140 2335 2225 qualis

320 2261 387 2325 in
421 2260 903 2326 adolescentibus
952 2261 1335 2347 explorandis
1366 2260 1605 2326 utiliter
1634 2260 1875 2324 institui
1914 2267 2136 2344 posset.
2192 2257 2335 2325 Non

319 2380 547 2444 mirum
615 2388 708 2444 est
775 2380 1039 2446 evenisse
1108 2379 1273 2464 quod
1337 2379 1587 2457 accidit,
1661 2379 1980 2447 Platonem
2026 2377 2230 2442 oleum
2276 2383 2337 2439 et

321 2521 568 2582 operam
614 2498 967 2584 perdidisse.
997 2499 1045 2583 l)

412 2616 596 2697 Quod
659 2618 878 2682 attinet
935 2617 1014 2682 ad
1073 2617 1327 2681 consilia
1372 2617 1621 2702 politica
1666 2638 1823 2701 quae
1868 2615 2085 2679 Dionis
2132 2612 2339 2677 amicis

320 2736 626 2820 impertit,
673 2759 735 2821 p.
785 2737 910 2802 337
962 2737 1052 2813 A,
1115 2758 1218 2814 ea,
1283 2743 1587 2819 quat-enus
1646 2757 1769 2800 non
1816 2758 1849 2798 6
1894 2733 2065 2798 libris
2109 2732 2185 2796 de
2228 2730 2341 2794 Le-

318 2854 502 2940 gibus
549 2854 831 2918 desumta
877 2862 1055 2933 sunt,
1107 2853 1251 2918 satis
1300 2853 1565 2918 ridicula
1610 2853 1761 2916 mihi
1807 2851 2111 2922 videntur.
2159 2849 2241 2914 Et
2272 2871 2340 2912 ea

315 2973 571 3058 quidem
617 2995 774 3057 quae
821 2973 997 3036 initio
1051 2972 1340 3037 dicuntur
1359 3021 1376 3050 ‚
1431 2994 1617 3036 novas
1672 2970 1834 3054 leges
1890 2967 2164 3034 ferendas
2213 2988 2340 3031 esse

314 3092 473 3156 tales
487 3141 506 3170 ,
571 3114 729 3177 quae
789 3113 915 3156 non
977 3091 1181 3155 minus
1226 3089 1558 3154 victoribus
1606 3110 1788 3172 quam
1832 3087 2009 3150 victis
2058 3093 2337 3168 acceptae

315 3212 480 3288 sint,
533 3219 597 3276 et
627 3209 753 3274 duo
787 3231 916 3274 esse
949 3208 1124 3292 quasi
1155 3208 1559 3282 instrumenta
1590 3205 1815 3290 quibus
1846 3204 1993 3269 victi
2024 3202 2100 3268 ad
2132 3203 2338 3288 legum

314 3329 686 3413 obsequium
749 3328 974 3392 adduci
1028 3327 1298 3414 possint,
1372 3325 1507 3391 αἰδῶ
1577 3325 1674 3389 καὶ
1744 3323 1964 3407 φόβον,
2033 3323 2182 3386 haec
2242 3321 2343 3385 de-

389 3601 440 3661 l)
471 3600 633 3650 Etiam
667 3600 816 3650 Grote
848 3599 916 3650 XI
929 3637 944 3658 ,
979 3617 1026 3664 p.
1062 3597 1258 3652 74—70
1271 3635 1286 3656 ,
1321 3596 1631 3661 reprehendit
1656 3594 1875 3644 Platonis
1910 3592 2081 3656 agendi
2108 3592 2341 3641 rationem

313 3697 368 3746 in
401 3695 512 3746 aula
534 3695 754 3761 Dionysii
787 3700 836 3744 et
870 3695 1064 3764 modum
1099 3709 1222 3760 quo,
1245 3693 1504 3743 secundum
1528 3690 1769 3756 Epistolas
1784 3727 1798 3750 ,
1823 3695 2079 3753 tyrannum
2106 3687 2165 3737 ad
2187 3686 2343 3750 philo-

312 3791 536 3854 sophiam
571 3795 850 3842 convertere
885 3790 1096 3840 studuit:
1144 3791 1274 3850 „But
1314 3789 1414 3838 still
1454 3788 1537 3837 the
1578 3786 1873 3852 experiment
1912 3784 2066 3833 would
2084 3784 2202 3832 have
2224 3783 2342 3831 been

313 3885 446 3935 tried
476 3885 595 3935 with
630 3902 657 3936 a
704 3886 794 3934 fair
827 3886 1004 3935 chance
1038 3885 1091 3933 of
1120 3901 1332 3944 success,
1372 3884 1416 3933 if
1444 3884 1557 3948 only
1590 3881 1730 3931 Plato
1765 3879 1939 3944 during
1973 3878 2047 3928 his
2081 3876 2343 3927 shortlived

311 3979 542 4044 spiritual
575 3980 823 4052 authority
857 3987 906 4030 at
941 3981 1197 4044 Syracuse,
1231 3978 1323 4027 had
1357 3977 1603 4028 measured
1640 3992 1771 4026 more
1808 3972 2081 4036 accurately
2115 3972 2199 4021 the
2218 3986 2347 4036 prac-

312 4075 437 4125 tical
486 4076 720 4126 influence
769 4076 924 4126 which
975 4093 1002 4124 a
1051 4074 1356 4139 philosopher
1390 4073 1549 4137 might
1580 4071 1862 4134 reasonably
1896 4071 2021 4133 hope
2056 4073 2107 4117 to
2140 4067 2347 4116 exercise

315 4185 440 4242 over
474 4169 786 4234 Dionysius?
855 4171 962 4220 vid.
1001 4187 1047 4236 p.
1083 4170 1162 4222 76.

1994 4257 2108 4318 10*
