3025 5067
1294 418 1421 480 253

1264 627 1443 691 XIX.

444 804 520 868 In
569 805 885 891 Sophoclis
933 809 1244 893 Antigona
1295 832 1505 874 versus
1557 812 1855 876 676—67
1865 814 1940 873 9:

618 928 690 990 σὺ
734 926 783 991 δ’
804 928 865 991 οὐ
913 926 1187 1010 πέφυκας
1235 928 1439 993 ποὶντοι
1488 938 1829 1003 προσκοπεῖν
1848 981 1866 1012 ,
1913 926 2024 995 ὅσοι

619 1044 783 1123 λέγει
831 1069 919 1117 τις
981 1045 1014 1120 ἢ
1062 1046 1306 1127 πράσσει
1352 1072 1439 1119 τις
1488 1047 1522 1124 ἢ
1569 1047 1776 1128 ψέγειν
1825 1048 1952 1129 ἔχει
1980 1069 1996 1085 ·

620 1163 687 1228 τὸ
733 1164 851 1245 γὰρ
900 1164 996 1229 σὸν
1042 1164 1211 1244 ὄμμα
1256 1165 1425 1230 δεινὸν
1471 1166 1626 1247 ἀνδρὶ
1670 1167 1888 1249 δημότῃ

621 1282 815 1359 λόγοις
860 1284 1123 1355 τοιούτοις
1168 1279 1245 1356 οἷς
1295 1286 1366 1350 σὺ
1412 1286 1497 1361 μὴ
1544 1284 1740 1367 τέρψει
1779 1287 1965 1352 κλύων
1985 1337 2004 1369 ,

357 1401 442 1464 sic
488 1402 969 1487 transponendos
1018 1426 1146 1467 esse
1194 1426 1442 1468 censeo:

1587 1520 1696 1587 ὅσοι

622 1640 784 1717 λέγει
820 1665 908 1712 τις
955 1641 988 1717 ἢ
1035 1640 1282 1722 πράσσει
1340 1666 1429 1714 τις
1477 1642 1510 1717 ἢ
1558 1642 1767 1722 ψέγειν
1824 1642 1952 1725 ἔχει

623 1760 818 1837 λόγοις
862 1762 1127 1833 τοιούτοις
1172 1756 1250 1834 οἷς
1297 1762 1369 1826 σὺ
1416 1764 1501 1839 μὴ
1546 1762 1744 1843 τέρψει
1791 1764 1977 1828 κλύων
2005 1783 2018 1797 ·

627 1878 695 1943 τὸ
740 1880 858 1959 γὰρ
904 1881 999 1944 σὸν
1047 1879 1216 1958 ὄμμα
1262 1880 1430 1945 δεινὸν
1474 1880 1629 1961 ἀνδρὶ
1677 1880 1921 1963 δημότῃ.

1302 2087 1441 2153 ΧΧ.

453 2265 530 2331 Ι11
576 2266 893 2352 Sophoclis
940 2267 1179 2353 Oedipo
1225 2266 1493 2332 Coloneo
1515 2318 1531 2343 ,
1581 2291 1666 2331 vs,
1719 2270 1886 2332 409:

1248 2386 1414 2467 κρατὶ
1463 2386 1509 2450 δ’
1538 2388 1864 2468 ἧλιοστερὴς

632 2511 768 2578 κυνῆ
815 2504 1096 2584 πρόσωπα
1144 2495 1440 2577 ΘεσσοολΙς
1486 2530 1564 2569 νιν
1609 2506 1908 2586 ἀμπέχει,

364 2647 474 2710 pro
514 2625 838 2705 ἧλιοστερής
879 2622 1207 2708 legendum
1259 2626 1517 2711 conjicio
1565 2627 1909 2703 ἧλιοστεγής
1925 2674 1944 2702 ,
1985 2608 2160 2706 ραίθά
2207 2625 2380 2687 solem

366 2767 581 2809 arcens.

1286 2921 1461 2986 XXI.

460 3103 744 3169 Severum
796 3103 869 3168 de
924 3103 1011 3167 M.
1063 3101 1324 3168 Aemilio
1371 3101 1598 3165 Scauro
1638 3100 1945 3188 judicium
1994 3100 2272 3165 Sallustii
2317 3102 2380 3165 in

370 3222 526 3287 Bell.
586 3221 733 3306 Jug.
790 3244 842 3285 c.
912 3224 1026 3299 15,
1090 3243 1213 3285 non
1268 3219 1526 3305 impedit
1571 3221 1898 3303 quominus
1939 3220 2076 3305 jure
2123 3218 2381 3283 Scauros

368 3328 529 3406 inter
574 3340 877 3426 principes
922 3363 1067 3403 suae
1113 3339 1326 3403 aetatis
1372 3338 1534 3401 viros
1571 3338 1886 3402 nominare
1917 3337 2159 3401 licuerit
2191 3336 2382 3401 Hora-

371 3462 491 3540 tio,
538 3460 737 3525 Carm.
785 3459 853 3538 I,
906 3462 1025 3538 12,
1072 3482 1157 3524 vs,
1208 3462 1311 3525 37.

1269 3667 1480 3733 XXII.

460 3848 538 3914 In
583 3848 826 3913 Horatii
873 3847 1072 3913 Carm.
1120 3847 1190 3926 I,
1240 3849 1361 3927 37,
1408 3872 1495 3912 vs,
1548 3850 1671 3912 24:

1358 3990 1469 4032 nec
1512 3968 1772 4033 latentes

642 4085 850 4151 Classe
897 4087 1018 4151 cita
1062 4087 1362 4169 reparavit
1408 4109 1561 4151 oras,

372 4215 435 4273 et
479 4229 691 4271 sensus
738 4213 799 4270 et
840 4205 1054 4290 lingua
1098 4205 1361 4270 suadent
1402 4205 1526 4290 legi
1557 4205 1928 4288 properavit:
