3025 5067
1285 402 1381 462 ’27

337 612 496 673 iufra
557 612 620 673 in
684 609 998 673 tractanda
1054 608 1309 692 epistola
1355 606 1483 670 VII
1530 605 1828 669 nonnulla
1874 603 2111 666 addam.
2206 600 2350 663 Non

336 728 534 792 aliena
594 728 840 811 quidem
901 726 1048 790 talia
1093 732 1240 789 sunt
1283 748 1318 787 a
1364 724 1619 807 Platone
1635 750 1653 801 ;
1709 730 1917 786 contra
1964 744 2171 784 omnes
2220 720 2349 782 eius

337 846 567 931 dialogi
587 897 604 923 ,
668 847 924 909 maxime
983 852 1187 907 autem
1244 843 1385 907 libri
1441 842 1517 906 de
1578 842 1846 926 Legibus
1893 841 2053 925 piam
2100 838 2347 902 deorum

334 965 732 1028 reverentiam
779 986 922 1049 prae
967 986 1029 1025 se
1076 963 1279 1025 ferunt
1293 989 1312 1039 3
1361 960 1466 1025 sed
1513 968 1584 1023 ut
1629 959 1713 1024 ibi
1758 959 1903 1023 talia
1950 958 2111 1021 dicta
2142 963 2351 1041 sponte

337 1106 372 1147 e
434 1106 498 1147 re
563 1092 706 1147 nata
773 1090 836 1146 et
902 1081 1208 1165 loquentis
1278 1103 1350 1143 ex
1419 1080 1622 1143 animo
1692 1078 2035 1163 profluunt,
2107 1076 2193 1139 ita
2254 1074 2353 1137 hic

339 1201 612 1284 quaesita
657 1208 717 1264 et
769 1200 1048 1264 consulto
1093 1198 1402 1262 inculcata
1447 1208 1612 1261 sunt.

430 1318 597 1381 Haec
658 1318 897 1402 aliaque
952 1318 1016 1381 id
1063 1340 1256 1401 genus
1304 1340 1410 1401 per
1456 1338 1663 1380 omnes
1712 1314 1997 1399 epistolas
2054 1320 2199 1376 sunt
2244 1310 2354 1373 dif-

335 1438 509 1513 fusa,
575 1447 757 1519 atque
819 1443 1098 1512 eatenUS,
1149 1435 1291 1499 licet
1335 1435 1528 1497 forma
1574 1442 1633 1497 et
1681 1434 1879 1517 specie
1927 1433 2051 1495 sint
2095 1429 2355 1493 dissimi-

335 1555 462 1631 leS‚
511 1561 830 1637 cognatam
877 1563 1080 1617 tamen
1127 1553 1422 1637 originem
1469 1551 1757 1637 produnt.

428 1674 695 1737 Maxime
739 1696 880 1737 vero
928 1672 1282 1756 scriptorem
1336 1671 1541 1755 arguit
1592 1672 1789 1735 stilus,
1892 1668 2027 1731 Hac
2072 1668 2135 1731 in
2186 1674 2353 1751 parte

347 1792 466 1854 etsi
505 1792 821 1876 epistolae
885 1792 1268 1875 aliquantum
1338 1791 1498 1853 inter
1568 1813 1631 1853 se
1692 1789 1953 1865 distant,
2030 1795 2232 1850 tamen
2294 1785 2353 1848 in

333 1911 576 1973 cunctis
621 1888 891 1974 cernitur
928 1909 1286 1972 Platonicae
1340 1908 1632 1972 orationis
1690 1907 1914 1991 effigies
1929 1956 1947 1983 ,
2006 1906 2101 1968 vel
2150 1906 2356 1988 potius

333 2027 562 2105 dicam,
630 2026 881 2092 εἴδωλον.
975 2026 1223 2109 Ubique
1292 2027 1585 2111 elegantis
1635 2033 1695 2090 et
1758 2032 2006 2089 ornatae
2061 2024 2347 2087 dictionis

330 2146 505 2209 illius
564 2146 820 2229 vestigia
867 2168 1189 2229 agnoscere
1234 2145 1350 2209 tibi
1410 2145 1684 2223 videare,
1733 2144 2031 2229 imprimis
2078 2143 2313 2227 copiam
2337 2192 2355 2219 ,

332 2263 834 2348 amplitudinem,
883 2265 1241 2347 gravitatem
1286 2272 1414 2327 tam
1459 2264 1525 2327 in
1568 2263 1885 2327 sententiis
1908 2278 2102 2346 'quam
2132 2262 2197 2324 in
2230 2283 2356 2323 ver-

333 2384 467 2459 bis,
516 2404 628 2445 nec
673 2382 872 2445 ullum
917 2382 1092 2446 facile
1139 2382 1434 2467 scriptum
1479 2382 1743 2467 reperias
1760 2431 1777 2459 ,
1825 2382 1890 2444 in
1924 2402 2045 2463 quo
2078 2380 2354 2443 Platonis

332 2500 530 2564 oratio
612 2499 818 2564 multis
887 2500 1157 2585 partibus
1237 2482 1580 2564 accuratius
1662 2500 1743 2563 sit
1822 2521 2103 2584 expressa
2172 2470 2361 2580 quam'

329 2620 402 2683 in
462 2618 741 2704 Epistola
800 2618 946 2683 VII.
1039 2617 1208 2681 Haec
1269 2619 1610 2683 similitudo
1672 2618 1813 2682 talis
1875 2625 1967 2681 est
2027 2624 2101 2680 ut
2152 2617 2355 2679 minus

332 2744 644 2801 attentum
701 2736 988 2800 lectorem
1050 2736 1256 2800 fallere
1303 2710 1529 2822 possiti
1579 2738 1674 2800 uti
1718 2758 1925 2800 revera
1971 2735 2355 2798 doctissimos

333 2854 574 2940 judices
638 2861 698 2917 et
759 2862 1077 2917 emunctae
1152 2857 1314 2919 naris
1378 2856 1618 2919 criticos
1679 2855 1929 2931 fefellit3
1980 2864 2043 2917 at
2104 2853 2356 2938 propius

335 2964 610 3037 intuenti
655 2973 832 3036 facile
878 2981 1128 3058 apparet
1185 2995 1311 3037 non
1371 2996 1585 3037 verum
1632 2996 1760 3037 esse
1806 2973 2070 3037 colorem
2116 2971 2224 3035 sed
2271 2972 2361 3034 fu·

341 3099 587 3169 catum,
636 3114 759 3156 non
805 3091 1120 3176 proprium
1165 3100 1451 3156 ornatum
1513 3092 1621 3156 sed
1668 3092 2003 3169 adscitum3
2075 3090 2361 3153 dictionis

337 3212 573 3294 figurae
630 3218 691 3273 et
736 3217 1126 3287 ornamenta,
1176 3233 1330 3294 quae
1378 3211 1441 3273 in
1485 3210 1621 3295 ipso
1666 3210 1921 3274 Platone
1969 3232 2146 3294 parce
2192 3208 2362 3272 adhi-

337 3330 474 3393 bita
532 3329 776 3414 placent
837 3336 898 3393 et
958 3329 1291 3392 orationem
1351 3328 1708 3393 illuminant
1725 3380 1743 3407 ,
1813 3330 1877 3391 in
1940 3330 2053 3392 hac
2108 3328 2365 3413 epistola

333 3456 564 3512 temere
622 3455 682 3512 et
727 3447 1051 3511 immodice
1098 3447 1288 3510 effusa
1332 3447 1613 3532 ineptum
1658 3448 1931 3533 produnt
1978 3448 2361 3530 argutiarum

337 3567 693 3651 aucupium.
775 3566 1028 3629 Accedit
1075 3566 1241 3649 quod
1286 3566 1515 3629 fiumen
1563 3572 1624 3629 et
1670 3567 1845 3650 copia
1900 3566 2189 3629 orationis
2238 3571 2362 3628 tur-

338 3686 526 3749 batur
571 3684 780 3749 crebro
825 3684 1138 3769 implicitis
1185 3684 1503 3748 sententiis
1552 3690 1613 3748 et
1642 3683 1929 3748 inanibus
1961 3684 2318 3767 ambagibus
2336 3734 2354 3762 ‚

337 3803 568 3889 passim
631 3802 812 3865 etiam
875 3802 1328 3865 contaminatur
1384 3801 1581 3865 verbis
1629 3810 1691 3865 et
1728 3802 2037 3887 juncturis
2085 3825 2241 3884 quae
2288 3802 2361 3866 ab

339 3923 552 3987 Attica
577 3922 843 4007 puritate
875 3928 936 3984 et
968 3943 1002 3983 a
1026 3943 1172 3983 sano
1191 3920 1426 4006 judicio
1460 3921 1808 3985 abhorrent.
1856 3920 1936 3984 In
1967 3922 2130 3985 omni
2159 3928 2360 3984 autem

333 4040 450 4104 illo
493 4040 812 4103 orationis
883 4046 1103 4102 ornatu
1173 4046 1234 4103 et
1302 4040 1478 4125 copia
1546 4015 1927 4103 desideratur
1987 4040 2166 4124 plane
2227 4046 2362 4103 tum

336 4158 650 4228 dilucidus
707 4158 1145 4247 cogitationum
1206 4158 1383 4244 ordO,
1443 4166 1575 4229 tum
1623 4159 1965 4231 Socraticus
2018 4158 2123 4223 ille
2169 4158 2359 4252 lepor,
