3025 5067
1635 417 1753 476 134

685 624 994 708 Epistolae
1056 622 1310 705 scriptor
1367 627 1615 702 tangere
1676 619 1914 683 videtur
1932 669 1949 696 ,
2014 642 2203 702 quum
2244 623 2537 684 Ἰταλικῶν
2584 621 2684 684 καὶ

688 743 1042 822 Συρακοσίων
1087 737 1376 818 τραπεζῶν
1415 738 1785 822 opulentiam
1836 744 1897 800 et
1939 759 2177 800 morum
2220 737 2527 801 lasciviam
2560 749 2685 801 tam

688 881 886 923 severe
947 858 1300 942 vituperat·
1363 856 1522 919 Mihi
1574 857 1832 920 maxime
1876 856 2184 940 probabile
2230 855 2473 921 videtur
2516 858 2685 941 quod

685 976 892 1062 Nepos
924 999 1054 1060 cap.
1082 978 1140 1052 2,
1176 975 1522 1052 Timaeum,
1548 973 1725 1038 credo
1741 1023 1759 1052 ‚
1787 974 1879 1037 vel
1913 973 2227 1058 Ephorum
2262 983 2505 1039 secutus
2521 1025 2539 1054 ‚
2566 984 2687 1040 tra-

685 1096 809 1159 dit:
851 1117 1042 1178 quum
1072 1094 1136 1157 in
1167 1093 1432 1156 Siciliam
1465 1093 1697 1176 perlata
1730 1098 1885 1156 esset
1917 1093 2076 1156 fama
2113 1093 2427 1157 Platonem
2467 1094 2691 1158 Taren-

685 1223 815 1279 tum
861 1214 1093 1277 venisse
1110 1262 1128 1290 ,
1166 1211 1531 1296 Dionysium
1554 1211 1740 1274 Dioni
1764 1210 2164 1290 adolescenti,
2192 1213 2298 1296 qui
2322 1213 2489 1276 illius
2516 1214 2686 1277 audi-

684 1333 826 1397 endi
870 1330 1204 1416 cupiditate
1249 1331 1563 1414 flagraret,
1611 1353 1830 1414 negare
1870 1353 1992 1393 non
2032 1331 2303 1416 potuisse
2345 1333 2497 1415 quin
2543 1354 2687 1396 eum

682 1457 1037 1526 arcesseret3
1079 1449 1286 1531 itaque
1317 1447 1510 1531 (dicit)
1542 1471 1804 1532 „magna
1838 1471 1976 1511 eum
2007 1448 2335 1513 ambitione
2359 1448 2687 1534 Syracusas

685 1567 1030 1654 perduxit.”
1099 1565 1282 1646 Quod
1329 1589 1470 1634 sane
1501 1566 1697 1630 multo
1728 1566 1917 1650 magis
1950 1574 2041 1630 est
2071 1567 2158 1631 rei
2190 1575 2684 1632 consentaneum.

685 1685 919 1750 Notum
966 1693 1058 1749 est
1102 1685 1289 1762 enim,
1339 1685 1701 1769 Dionysium
1731 1685 2016 1750 maiorem
2047 1686 2306 1749 multum
2342 1709 2553 1770 operae
2584 1687 2687 1750 de-

686 1805 845 1869 disse
904 1803 1096 1867 literis
1157 1825 1267 1866 nec
1333 1802 1666 1886 quidquam
1714 1803 1903 1888 magis
1950 1803 2005 1867 ei
2050 1826 2225 1868 curae
2270 1804 2457 1868 fuisse
2502 1827 2689 1888 quam

690 1930 763 1988 ut
823 1922 964 1985 aula
1022 1920 1394 2004 Syracusana
1454 1943 1491 1984 a
1552 1921 1744 2004 poetis
1806 1928 1867 1984 et
1927 1921 2121 1984 doctis
2184 1922 2604 1988 celebraretur.
2635 1925 2693 2009 l)

687 2030 856 2122 Quid
911 2040 1101 2126 igitur
1159 2040 1381 2103 mirum
1441 2039 1494 2102 si
1556 2039 1872 2104 Platonem
1928 2063 2171 2124 quoque
2215 2062 2433 2125 magno
2480 2042 2687 2106 studio

686 2160 762 2224 ad
805 2182 870 2223 se
913 2158 1184 2222 vocavit?
1246 2156 1438 2221 Nulla
1481 2181 1623 2222 vero
1670 2166 1762 2222 est
1809 2181 1992 2222 causa
2038 2182 2146 2224 cur
2192 2160 2532 2244 opinemur,
2566 2159 2689 2226 Ne-

685 2285 886 2364 potem
948 2299 1143 2340 errore
1202 2277 1266 2339 in
1325 2276 1685 2361 Dionysium
1751 2279 2037 2341 maiorem
2090 2278 2473 2342 transtulisse
2519 2279 2685 2362 quod

684 2404 894 2482 postea
936 2395 1098 2459 filius
1139 2395 1266 2458 eius
1298 2395 1508 2458 fecisse
1539 2395 1832 2473 traditur,
1883 2418 2075 2479 quum
2107 2396 2424 2461 Platonem
2452 2397 2685 2462 triremi

687 2515 946 2579 Athenis
979 2520 1316 2576 arcesseret.
1364 2511 1533 2576 Illud
1581 2519 1741 2576 certe
1783 2536 2168 2598 nequaquam
2200 2513 2519 2592 credibile,
2553 2514 2688 2577 Pla-

686 2640 889 2696 tonem
900 2681 918 2710 ‚
949 2638 1023 2695 ut
1053 2630 1118 2694 in
1150 2630 1405 2714 epistola
1433 2630 1685 2714 legitur,
1732 2631 1894 2696 κατὰ
1938 2632 2127 2712 τύχην
2160 2642 2219 2696 et
2258 2639 2482 2696 temere
2513 2631 2687 2717 Syra-

687 2773 861 2814 cusas
907 2749 1175 2812 delatum
1222 2771 1367 2812 esse.
1439 2747 1723 2812 Ceterum
1747 2749 1822 2812 de
1846 2750 2176 2834 DionysiO,
2220 2751 2525 2833 quomodo
2549 2749 2684 2813 Pla-

685 2877 891 2932 tonem
937 2867 1267 2950 exceperit,
1324 2888 1504 2948 quam
1552 2865 1836 2950 probrose
1884 2890 2023 2931 eum
2072 2867 2368 2931 dimiserit
2384 2915 2403 2944 ,
2453 2867 2519 2931 in
2566 2868 2688 2952 epi-

685 2985 841 3049 stola
884 3007 961 3048 ne
1006 2984 1256 3048 verbum
1303 2983 1568 3067 quidem.
1632 2984 1834 3048 Etiam
1877 2985 1941 3048 in
1988 3007 2118 3069 sqq.
2167 3008 2226 3069 p.
2277 2988 2402 3048 331
2444 2984 2537 3062 D,
2577 2984 2686 3048 ubi

684 3111 973 3169 memorat
1003 3101 1254 3166 consilia
1283 3101 1669 3185 Syracusanis
1704 3111 1824 3167 a'se
1850 3103 1990 3166 data
2014 3104 2089 3168 de
2110 3103 2684 3188 emendandamrepu-

688 3223 876 3300 blica,
922 3221 1194 3305 loquitur
1239 3220 1314 3305 de
1343 3220 1636 3305 Dionysio
1686 3223 1913 3287 minore
1946 3231 2005 3286 et
2038 3222 2113 3287 de
2144 3223 2371 3300 Dione,
2408 3223 2483 3287 de
2512 3229 2682 3307 patre

690 3340 843 3406 nihil
859 3367 877 3418 3
925 3346 996 3403 ut
1040 3339 1427 3402 manifestum
1471 3339 1586 3417 sit,
1634 3363 1773 3404 eum
1817 3340 1959 3404 data
2005 3363 2185 3425 opera
2228 3340 2293 3404 id
2340 3342 2563 3425 egisse,
2610 3347 2683 3404 ut

759 3609 806 3669 1)
839 3608 1052 3656 Fuerunt
1083 3607 1132 3656 iu
1163 3607 1264 3656 eius
1299 3607 1406 3656 aula
1441 3612 1625 3672 praeter
1658 3607 1912 3658 Philistum
1947 3613 1995 3658 et
2028 3608 2275 3659 Platonem
2310 3609 2468 3674 plures
2491 3612 2685 3674 poetae,

695 3719 720 3751 e
763 3703 931 3766 quibus
973 3703 1218 3751 Philoxeni
1266 3706 1314 3751 et
1366 3703 1675 3768 Antiphontis
1716 3703 1883 3768 tragici
1928 3705 2121 3753 nomina
2154 3705 2279 3754 fama
2312 3705 2369 3753 ad
2402 3720 2489 3753 nos
2521 3719 2684 3768 perve-

695 3800 879 3846 nerunt.
965 3797 1234 3860 Tyrannum
1287 3797 1442 3862 ipsum
1501 3799 1745 3847 Musarum
1792 3799 1987 3848 cultoris
2035 3815 2206 3848 nomen
2262 3801 2500 3848 affectasse
2543 3803 2687 3847 testa-

695 3895 776 3941 tur
823 3890 964 3940 Diod.
1025 3891 1136 3950 XV,
1178 3892 1242 3945 7:
1292 3895 1359 3944 διὸ
1389 3896 1464 3945 καὶ
1507 3901 1747 3956 ποιήματα
1786 3899 1972 3962 γράφειν
2022 3897 2309 3954 ὑπεστήσατο
2352 3901 2479 3962 μετὰ
2523 3897 2689 3956 πολλῆς

694 3988 883 4044 σπουδῆς
913 3990 988 4038 καὶ
1017 3989 1117 4045 τοὺς
1143 3993 1186 4039 ἐν
1209 3988 1383 4047 τοῦτοις
1410 3991 1543 4047 δόξαν
1570 3993 1753 4054 ἔχοντας
1779 3997 2133 4054 μετεπέμπετο,
2164 3994 2239 4042 καὶ
2268 4001 2501 4062 προτιμῶν
2527 3993 2687 4049 αὐτοὺς

694 4082 968 4148 συνδιέτριβι
1001 4085 1076 4134 καὶ
1105 4093 1190 4133 τῶν
1219 4088 1482 4148 ποιημάτων
1510 4087 1761 4141 ἐπιστάτας
1792 4087 1867 4134 καὶ
1899 4084 2144 4152 διορθωτὰς
2176 4086 2307 4152 εἶχεν.
2366 4087 2473 4135 vid.
2508 4087 2655 4136 Grote
2668 4125 2684 4146 ,

695 4175 804 4226 vol.
835 4175 929 4234 xl,
964 4191 1014 4241 p.
1045 4175 1123 4227 36.
