3025 5067
1669 396 1795 457 240

723 616 829 683 τῆς
902 605 1347 688 περιτρεχούσης
1420 603 1703 684 ἑταιρείας
1778 599 1999 676 ταύτης
2075 609 2182 677 τῆς
2255 608 2401 668 τῶν·
2443 602 2737 667 πλείστων

720 726 930 805 Φίλων.

808 843 929 909 Η10
959 844 1150 930 igitur
1178 842 1303 907 fuit
1344 842 1505 907 fetus
1552 840 2026 906 obtrectatorum
2074 847 2137 905 et
2185 840 2695 904 calumniatorum
2709 888 2729 917 ,

719 965 827 1050 qui
880 962 1151 1027 Platonis
1190 962 1377 1027 vitam
1392 1010 1411 1040 ‚
1451 982 1647 1025 mores
1664 1010 1684 1040 ,
1711 958 2161 1046 philosophiam
2183 966 2316 1023 atro
2341 956 2601 1023 carbone
2622 979 2730 1023 no-

714 1061 929 1147 tarunt
970 1089 1034 1147 et
1062 1083 1294 1169 justam
1340 1081 1654 1167 apologiae
1683 1079 2096 1165 praebuerunt
2124 1078 2458 1145 materiem.
2521 1076 2727 1160 Quam

716 1202 867 1267 scite
922 1224 1063 1266 vero
1109 1208 1173 1266 et
1216 1208 1355 1287 apte
1399 1199 1736 1265 defensoris
1780 1220 2034 1265 munere
2078 1198 2330 1263 functus
2377 1199 2459 1264 sit
2483 1196 2727 1283 Episto-

710 1321 805 1387 lae
848 1321 1105 1407 scriptor
1119 1370 1139 1400 ,
1180 1321 1308 1407 jam
1353 1320 1579 1406 passim
1625 1317 2184 1384 animadvertimus.
2279 1315 2464 1398 Quod
2511 1324 2720 1383 autem

714 1440 791 1505 ad
830 1440 1333 1506 consuetudinem
1386 1438 1662 1504 Platonis
1717 1460 1859 1503 cum
1911 1436 2209 1523 Dionysio
2249 1437 2470 1501 attinet
2484 1486 2502 1515 ,
2549 1436 2726 1501 nulla

711 1567 914 1647 potest
959 1584 1086 1626 esse
1131 1559 1495 1647 praeclarior
1541 1558 1808 1625 defensio
1856 1580 2042 1642 quam
2097 1556 2430 1622 exsulantis
2474 1556 2724 1641 tyranni

708 1680 1156 1758 testimonium,
1203 1679 1369 1764 quod
1413 1678 1640 1764 legitur
1687 1678 1848 1765 apud
1892 1676 2293 1742 Plutarchum
2312 1726 2329 1754 ‚
2393 1650 2613 1741 Timol.
2665 1698 2718 1740 c.

716 1802 795 1863 15
814 1849 832 1877 ,
892 1800 999 1884 qui
1051 1799 1407 1885 rogantibus
1454 1797 1857 1883 quibusdam,
1907 1797 2056 1881 quid
2103 1795 2388 1861 utilitatis
2444 1818 2478 1861 e
2523 1794 2722 1881 philo·

708 1917 886 2003 sophi
930 1917 1372 1984 consuetudine
1416 1918 1710 2004 cepisset,
1755 1916 2110 2003 respondit:
2143 1915 2298 1981 οὐδέν
2329 1938 2414 1979 σοι
2449 1915 2722 1991 δοκοῦμεν

710 2037 820 2116 ὑπὸ
863 2037 1174 2111 Πλάτωνος
1221 2038 1568 2117 ὠφελεῖσθαι
1586 2089 1604 2113 ,
1639 2037 1831 2118 τύχης
1865 2036 2210 2113 μεταβολὴν
2243 2031 2386 2099 οὕτω
2408 2032 2716 2116 φέροντες;

707 2156 988 2235 „nihilne
1031 2156 1145 2220 tibi
1192 2178 1223 2221 e
1268 2155 1544 2221 Platonis
1589 2154 1980 2220 institutione
2023 2153 2346 2239 profecisse
2401 2150 2679 2215 videmur
2694 2200 2712 2229 ‚

708 2275 815 2359 qui
859 2274 1139 2341 fortunae
1182 2264 1586 2341 mutationem
1631 2286 1758 2340 tam
1803 2273 2040 2359 placide
2083 2274 2332 2338 ferimus
2349 2271 2418 2337 ‘1²³’

792 3098 831 3163 J
834 3123 929 3165 am
978 3102 1055 3165 ad
1084 3102 1263 3167 finem
1297 3102 1575 3187 pervenit
1601 3109 1811 3166 nostra
1842 3100 2210 3186 disquisitio.
2265 3098 2356 3163 Ut
2387 3098 2714 3185 praecipua

703 3242 905 3315 rerum
976 3220 1174 3307 capita
1229 3221 1441 3307 paucis
1502 3219 2035 3307 comprehendam,
2095 3241 2334 3285 summa
2392 3218 2541 3283 haec
2601 3224 2710 3281 est.

789 3338 1103 3403 Tredecim
1148 3361 1305 3423 quae
1348 3338 1633 3405 feruntur
1676 3338 1950 3404 Platonis
1995 3337 2341 3423 Epistolae,
2390 3336 2505 3401 etsi
2537 3358 2712 3421 argu·

699 3464 904 3563 mento
951 3465 1013 3523 et
1056 3458 1257 3523 colore
1300 3457 1654 3537 dissimileS,
1702 3464 2020 3543 cognatam
2065 3465 2270 3523 tamen
2312 3463 2422 3522 aut
2452 3456 2709 3521 vicinam
2743 3490 2751 3501 ·

700 3576 969 3661 produnt
1028 3577 1341 3663 originem.
1436 3577 1665 3643 Omnes
1720 3578 1960 3643 vultum
2008 3584 2069 3643 et
2111 3578 2390 3645 habitum
2437 3579 2712 3644 referunt

623 3678 625 3680 .
700 3716 736 3759 a
794 3694 1068 3761 Platonis
1086 3668 1092 3685 Ι
1112 3697 1359 3783 ingenio
1404 3706 1466 3763 et
1509 3698 1783 3764 moribus
1830 3698 2156 3765 diversum.
2204 3698 2539 3786 Praecipua
2582 3708 2710 3765 tam

698 3836 899 3879 rerum
954 3816 1129 3901 copia
1190 3838 1373 3901 quam
1432 3818 1723 3882 orationis
1785 3817 1962 3882 cultu
2007 3828 2102 3883 est
2144 3817 2300 3883 VII⁸
2317 3867 2336 3897 ,
2387 3840 2542 3903 quae
2586 3842 2710 3885 ma-

697 3934 911 3999 teriem
953 3935 1075 4000 fere
1125 3937 1396 4001 continet
1442 3959 1475 4000 e
1521 3960 1644 4021 qua
1688 3944 1921 4003 ceterae
1951 3938 2076 4003 sint
2106 3938 2368 4004 effectae.
2425 3940 2710 4006 Proxime

698 4052 775 4116 ad
836 4052 990 4116 hanc
1054 4054 1349 4119 accedunt
1410 4054 1541 4119 ΠΡ
1589 4064 1649 4121 et
1709 4054 1898 4122 VIIP
1908 4108 1927 4138 ,
1992 4081 2148 4143 quae
2207 4060 2300 4125 illi
2343 4061 2430 4125 ita
2477 4060 2708 4125 similes

694 4178 839 4235 sunt
884 4179 955 4235 ut
1002 4173 1077 4238 ab
1125 4197 1249 4239 uno
1295 4176 1522 4241 artifice
1568 4178 1880 4263 potuerint
1925 4203 2054 4246 esse
2099 4182 2425 4248 confectae.
