3025 5067
1082 1272 1466 1367 CAPUT
1546 1272 1643 1364 Π.

499 1646 581 1687 ΒΕ
625 1643 1056 1687 EPISTOLARUM
1101 1641 1453 1684 VETUSTATE
1499 1642 1845 1701 EARUMQUE
1892 1642 2082 1685 INTER.
2125 1642 2195 1684 SE

656 1763 785 1806 TAM
829 1760 1278 1807 DISOREPANTIA
1325 1760 1506 1818 QUAM
1555 1760 2039 1805 CONJUNCTIONE.

436 2396 741 2482 Diogenes
801 2396 1085 2460 Laertius
1145 2398 1211 2461 in
1274 2396 1423 2460 Vita
1482 2396 1759 2460 Platonis
1820 2396 1944 2461 III.
2006 2398 2040 2481 §
2100 2398 2181 2459 56
2230 2416 2361 2479 sqq.

342 2521 666 2592 memorat,
738 2538 771 2579 e
834 2522 1109 2579 veterum
1177 2508 1709 2600 grammaticorum
1767 2514 2117 2578 testimonio
2162 2513 2365 2577 Plato-

341 2656 488 2697 nem
532 2634 805 2717 dialogos
852 2655 996 2697 suos
1043 2633 1304 2697 edidisse
1352 2632 1695 2719 descriptos
1732 2634 1892 2697 κατὰ
1939 2622 2236 2712 τριλογίαν
2270 2630 2366 2695 vel

345 2752 512 2816 κατα
584 2752 993 2830 τετραλογίαν.
1089 2751 1262 2815 Inter
1329 2772 1430 2815 eos
1501 2750 1610 2834 qui
1678 2751 1743 2815 in
1812 2749 2085 2835 trilogias
2154 2749 2368 2813 divise-

343 2880 496 2933 runt
552 2871 831 2933 nominat
889 2870 1361 2955 Aristophanem
1408 2869 1815 2954 Byzantinum
1862 2871 1917 2954 (ᾧ
1964 2870 2091 2952 61).
2162 2866 2367 2932 Verba

345 2990 482 3074 ejus
543 2988 692 3052 haec
753 2995 932 3052 sunt:
975 2988 1152 3053 Ἔνιοι
1210 2988 1302 3060 δὲ,
1371 2984 1442 3051 ὧν
1503 2988 1628 3051 ἐστὶ
1690 2987 1793 3052 καὶ
1856 2986 2279 3067 Ἀριστοφάνης
2340 2988 2365 3049 ὁ

346 3108 763 3189 γραμματικὸς
781 3157 801 3191 ,
863 3108 942 3179 εἷς
1000 3108 1298 3188 τριλογίας
1359 3103 1585 3171 ἕλκουσι
1653 3107 1786 3178 τοὺς
1856 3106 2159 3183 διαλόγους
2178 3158 2197 3181 ,
2268 3106 2365 3171 καὶ

347 3228 574 3308 πρώτην
625 3228 739 3305 μὲν
775 3226 1023 3291 τιθέασιν
1039 3276 1056 3309 ,
1105 3222 1170 3301 ἧς
1221 3230 1453 3303 ἡγεῖται
1510 3226 1815 3299 Πολιτεῖαι,
1878 3226 2129 3303 Τίμαιος
2147 3275 2165 3303 ,
2241 3236 2371 3307 Κρι-

345 3346 484 3417 τίας
505 3394 524 3423 ,
555 3397 569 3411 .
599 3397 613 3411 .
639 3396 654 3411 .
683 3396 698 3411 .
739 3346 1018 3423 πέμπτην
1047 3344 1280 3424 Κρίτων,
1315 3346 1568 3421 Φαίδων,
1599 3346 2067 3435 Ἐπιστολαί·
2097 3346 2180 3410 τὰ
2210 3342 2367 3409 δ’ἄλ-

347 3482 435 3528 λα
479 3466 606 3528 καθ’
653 3460 713 3528 ἓν
757 3463 857 3528 καὶ
901 3464 1197 3535 οὶτοὶκτως.
1246 3463 1341 3527 Ex
1387 3463 1504 3527 hoc
1551 3464 1686 3527 loco
1732 3464 1938 3548 colligi
1986 3487 2161 3549 posse
2209 3464 2369 3527 vide-

351 3589 456 3645 tur
501 3582 975 3668 Aristophanem
1021 3582 1328 3667 Epistolas
1373 3604 1619 3667 quoque
1650 3582 1807 3646 inter
1838 3582 2112 3647 Platonis
2144 3582 2369 3675 scripta

349 3700 744 3765 recensuisse.
797 3700 1170 3789 ‘Ambigitur
1231 3707 1467 3779 tamen,
1519 3707 1729 3765 utrum
1774 3700 1933 3764 illud
1978 3696 2051 3765 ὧν
2095 3702 2218 3765 ἐστὶ
2264 3701 2363 3765 καὶ

349 3816 776 3901 Ἀριστοφάνης
848 3819 1229 3883 referendum
1293 3819 1374 3883 sit
1431 3824 1678 3883 tantum
1742 3818 1820 3903 qd
1881 3818 2222 3905 proximum
2286 3820 2364 3893 εἰς

351 3938 653 4016 τριλογίας
715 3933 940 4001 ἕλκουσι
987 3962 1044 4002 τ.
1092 3937 1142 4003 δ.
1161 3988 1176 4013 ,
1240 3960 1316 4001 an
1363 3938 1665 4023 pertineat
1702 3937 1885 4002 etiam
1930 3936 2007 4001 ad
2054 3936 2369 4024 descripti-

352 4078 535 4120 onem
580 4077 764 4139 quam
795 4055 1078 4141 deinceps
1111 4057 1459 4142 subjungit,
1509 4057 1608 4121 καὶ
1640 4056 1865 4137 πρώτην
1893 4082 1963 4133 μ.
1994 4057 2211 4121 τιθέασι
2240 4060 2363 4124 κτέ.

351 4174 421 4239 Si
480 4174 788 4259 Diogenes
847 4182 1126 4239 accurate
1186 4175 1430 4239 locutus
1479 4181 1571 4239 est
1585 4226 1604 4255 ,
1654 4175 1732 4239 ad
1777 4182 2111 4263 utrumque
2156 4176 2365 4243 referri
