3025 5067
1284 461 1405 523 227

330 663 396 727 τὸ
451 663 725 743 πράττειν
791 666 873 730 τα
939 667 1096 731 ’κοινοὶ
1140 668 1241 731 καὶ
1288 669 1564 733 πολιτικοὶ
1607 654 1882 746 ἐπιθυμία
1928 671 2010 756 (p.
2060 672 2188 733 325
2239 672 2338 755 A).

332 781 449 846 Sed
496 806 650 867 quae
694 806 837 848 mox
881 785 1083 849 evenit
1126 786 1353 871 injusta
1396 785 1662 851 Socratis
1708 788 2045 867 damnati0‚
2078 797 2211 853 tum
2244 790 2342 854 de·
2411 770 2418 777 ³

331 922 729 987 magogorum
772 902 1201 987 importunitas
1234 911 1295 968 et
1324 904 1664 970 increscens
1697 928 1933 971 morum
1959 906 2339 991 depravatiO,

330 1020 478 1084 haec
522 1044 619 1087 me
663 1022 729 1087 τὸ
775 1028 991 1103 πρῶτον
1030 1031 1251 1099 πολλῆς
1290 1024 1504 1102 μεστὸν
1543 1023 1681 1089 ὄντα
1721 1027 1894 1104 ὁρμῆς
1926 1026 2021 1090 ἐπὶ
2054 1026 2120 1091 τὸ
2153 1027 2338 1107 πρατ-

328 1165 445 1205 τειν
483 1142 565 1205 τὰ
610 1142 769 1206 κοινοὶ
786 1132 795 1145 ’
813 1149 1229 1226 represserunt
1276 1142 1444 1227 (ibid.
1492 1143 1596 1228 D).
1689 1143 1788 1207 Ita
1832 1144 2062 1210 factum
2095 1153 2168 1210 ut
2213 1168 2336 1210 non

328 1258 678 1323 desisterem
725 1259 971 1344 quidem
1018 1260 1312 1345 cogitare,
1360 1260 1668 1345 quomodo
1713 1285 1808 1326 res
1855 1262 2115 1327 civitatis
2148 1286 2237 1328 em
2245 1287 2343 1328 en-

330 1377 461 1442 dari
506 1386 756 1463 possent
771 1425 792 1457 ,
839 1378 944 1443 sed
985 1386 1059 1443 ut
1103 1379 1323 1463 agendi
1370 1382 1748 1445 occasionem
1780 1404 2015 1467 semper
2037 1390 2341 1469 exspecta-

328 1518 487 1560 rem:
534 1494 681 1562 ὥστε
719 1523 798 1575 με
824 1549 839 1563 .
868 1548 883 1563 .
912 1549 927 1564 .
974 1503 1075 1563 τοῦ
1120 1498 1227 1577 μὲν
1272 1506 1505 1563 σκοπεῖν
1549 1500 1634 1577 μὴ
1671 1492 1997 1573 ἀποστῆναι
2013 1549 2031 1583 ,
2072 1510 2156 1583 πῇ
2203 1500 2340 1566 ποτ’

328 1611 559 1691 ἄμεινον
605 1614 678 1680 ἂν
723 1616 1014 1699 γίγνοιτο,
1043 1668 1057 1683 .
1086 1666 1101 1681 .
1132 1668 1145 1683 .
1194 1622 1295 1681 τοῦ
1341 1616 1399 1681 δὲ
1444 1617 1720 1698 πράττειν
1766 1615 1844 1683 αὖ
1889 1619 2201 1699 περιμένειν
2245 1621 2338 1686 ἀεὶ

328 1733 568 1813 καιρούς.
639 1733 809 1818 (ibid.
857 1734 952 1819 E).
1044 1734 1358 1799 Postremo
1433 1735 1770 1822 perspicere
1839 1738 2041 1823 coepi,
2095 1736 2338 1802 nullum

328 1852 474 1916 mali
540 1853 874 1919 remedium
944 1854 1071 1918 fore
1136 1854 1255 1917 nisi
1302 1856 1336 1931 ἢ
1381 1854 1449 1920 τὸ
1503 1862 1616 1920 τῶν
1682 1858 2152 1941 φιλοσοφούντων
2201 1907 2216 1924 .
2268 1909 2283 1924 .
2321 1908 2334 1921 .

329 1972 489 2051 γένος
533 1974 613 2045 εἷς
657 1974 856 2056 ἀρχὰς
900 1975 1031 2057 ἔλθῃ
1073 1977 1186 2047 τὰς
1231 1976 1572 2052 πολιτικας,
1621 1976 1655 2051 ἢ
1701 1976 1768 2041 τὸ
1810 1982 1922 2041 τῶν
1967 1976 2335 2043 δυναστευόν·

330 2117 441 2157 των
486 2097 543 2159 ἐν
588 2101 721 2166 ταῖς
767 2093 1012 2162 πόλεσι.
1044 2146 1058 2161 .
1086 2144 1099 2159 .
1151 2093 1324 2167 ὅντως
1370 2096 1743 2179 φιλοσοφήσῃ
1787 2098 1869 2181 (p.
1921 2099 2048 2160 326
2095 2096 2196 2168 Β).

417 2212 705 2277 Dubitari
766 2213 984 2298 nequit
1037 2214 1191 2299 quin
1236 2216 1493 2299 scriptor
1539 2214 1635 2279 his
1681 2215 2062 2300 responderit
2106 2216 2340 2301 vitupe-

329 2331 553 2395 rationi
612 2354 848 2409 eorum‚
912 2332 1020 2417 qui
1081 2354 1255 2417 aegre
1325 2332 1551 2396 ferrent
1610 2332 2046 2418 philosophum
2102 2335 2164 2398 in
2213 2336 2338 2399 otio

330 2449 407 2513 de
452 2450 802 2535 disciplina,
852 2450 927 2515 de
973 2451 1245 2516 moribus
1293 2458 1354 2515 et
1399 2451 1473 2515 de
1521 2450 1760 2536 legibus
1808 2452 2202 2518 disserentem
2225 2450 2339 2516 fori

328 2570 527 2634 lucem
570 2570 779 2654 fugere
826 2577 887 2634 et
946 2593 981 2633 a
1024 2570 1379 2635 muneribus
1410 2570 1795 2655 negotiisque
1842 2570 2120 2657 gerendis
2161 2571 2342 2636 absti-

326 2710 503 2751 nere:
557 2710 817 2773 quorum
862 2688 1338 2757 obtrectatorum
1385 2689 1838 2753 criminationes
1878 2689 2008 2775 ipse
2053 2688 2230 2753 Plato
2277 2690 2341 2753 in

328 2806 485 2871 libro
553 2806 648 2871 VI
688 2808 791 2873 ·de
858 2806 1007 2894 Rep.
1080 2832 1113 2873 e
1181 2831 1439 2894 persona
1508 2809 1821 2873 Adimanti
1892 2816 2340 2874 commemorat.

328 2927 557 3010 Aperte
614 2925 680 2990 id
739 2925 969 2991 indicat
1028 2927 1093 2990 in
1149 2927 1427 3013 Epistola
1470 2926 1564 3005 V,
1610 2951 1671 3013 p.
1723 2930 1849 2991 322
1897 2929 1989 3007 A,
2038 2928 2148 2992 ubi
2194 2928 2341 2993 haec

327 3046 538 3111 scribit
602 3046 679 3110 ad
739 3046 1122 3111 Perdiccam:
1186 3047 1288 3111 ἐὰν
1347 3047 1405 3113 δέ
1464 3072 1554 3120 τις
1622 3048 1881 3119 οἰκούσας
1945 3046 2119 3113 ταῦτ’
2175 3046 2306 3131 εἴπῃ
2326 3070 2341 3086 ·

328 3164 583 3231 Πλάτων
601 3216 618 3248 ,
666 3168 739 3238 ως
783 3168 951 3249 ἔοικε,
1002 3173 1395 3247 προσποιεῖται
1440 3167 1547 3244 μὲν
1591 3167 1672 3232 τα
1720 3166 2077 3249 δημοκρατίᾳ
2113 3165 2345 3249 ξυμφέ-

327 3288 469 3365 ροντ’
530 3284 767 3362 εἰδέναι,
831 3284 953 3361 ἐξὸν
1012 3284 1061 3349 δ’
1102 3286 1162 3351 ἕν
1205 3286 1287 3367 τῷ
1333 3285 1493 3367 δήμῳ
1540 3285 1734 3363 λέγειν
1778 3285 1876 3349 καὶ
1925 3282 2344 3363 ξυμβουλεύειν

331 3405 489 3485 αὐτῷ
531 3404 615 3468 τα
656 3402 951 3482 βέλτιστα
967 3454 984 3486 ,
1048 3406 1111 3469 οὗ
1174 3406 1395 3468 πώποτ’
1440 3403 1708 3477 αναστὰς
1771 3402 2106 3487 ἐφθέγξατο
2127 3425 2143 3441 ·
2207 3402 2343 3482 πρὸς
2445 3448 2452 3455 -

260 3508 274 3518 ⁵
327 3524 501 3586 ταῦτ’
561 3522 769 3599 εἰπεῖν,
832 3520 917 3587 ὅτι
976 3520 1229 3588 Πλάτων
1288 3520 1388 3602 ὄψ’
1455 3522 1511 3586 ἐν
1556 3530 1631 3604 τῇ
1690 3522 1944 3603 πατρίδι.
1989 3521 2198 3599 γέγονε
2243 3520 2341 3585 καὶ

327 3640 424 3707 τὸν
484 3640 657 3716 δῆμον
720 3640 1057 3719 κατέλαβεν
1117 3640 1219 3717 ἤδη
1278 3640 1667 3721 πρεσβύτερον
1727 3641 1826 3705 καὶ
1888 3641 2190 3717 εἰθισμένον
2235 3638 2344 3704 ὑπὸ

326 3766 438 3826 τῶν
474 3759 784 3841 ἔμπροσθεν
820 3760 1020 3825 πολλοὶ
1057 3759 1157 3824 καὶ
1196 3759 1440 3837 ἀνόμοια
1478 3770 1552 3839 τῇ
1595 3760 1804 3825 ἐκείνου
1828 3758 2137 3841 ξυμβουλῇ
2159 3757 2345 3839 προέτ-

325 3903 461 3943 τειν.
552 3877 664 3959 „Si
710 3879 847 3963 quis
895 3878 1143 3965 objiciat
1187 3878 1507 3945 Platonem
1555 3880 1876 3944 scientiam
1922 3878 2169 3964 quidem
2201 3900 2344 3963 prae

326 4020 389 4061 se
435 3997 587 4063 ferre
618 4020 821 4063 rerum
868 3998 1140 4063 civilium
1156 4048 1173 4077 ,
1223 3997 1362 4076 sed,
1405 4020 1599 4083 quum
1629 3998 1808 4062 liceat
1841 3998 1896 4063 ei
1934 3997 2135 4084 palam
2165 3998 2231 4061 in
2265 3996 2345 4061 ci-

328 4117 515 4181 vitate
574 4118 757 4183 verba
824 4117 1019 4182 facere
1080 4125 1140 4182 et
1200 4116 1452 4181 consilia
1500 4117 1678 4196 dare,
1725 4116 1790 4179 id
1836 4117 2148 4202 refugere,
2198 4116 2342 4179 huic

326 4236 657 4320 responde:
704 4236 881 4300 Plato
915 4258 1108 4321 quum
1139 4237 1214 4300 ad
1246 4236 1684 4322 rempublicam
1727 4236 2006 4314 accessit,
2043 4235 2340 4321 populum

1979 4354 2105 4413 15*
