3025 5067
1644 398 1765 460 170

701 598 882 662 talem
938 623 1193 665 errorem
1242 603 1508 666 incidere
1555 604 1861 688 potuisse;
1912 603 2114 688 potius
2167 602 2342 666 credo
2400 624 2540 664 eum
2588 600 2705 662 hoc

702 725 937 782 tantum
1005 721 1309 798 retulisse,
1365 721 1686 808 Platonem
1731 730 2081 807 ceterosque
2127 721 2389 785 Socratis
2444 720 2708 803 discipu-

697 836 788 900 los
835 844 972 922 post
1024 839 1210 904 huius
1255 848 1509 905 mortem
1550 841 1850 925 profectos
1899 863 2026 904 esse
2080 840 2331 924 Megara
2370 838 2447 902 ad
2503 835 2711 900 Eucli-

697 954 832 1018 dem
844 982 863 1033 3
935 957 1230 1021 rationem
1284 981 1424 1023 vero
1486 981 1596 1023 cur
1645 959 1709 1022 id
1753 959 2069 1036 fecissent,
2118 980 2333 1042 nempe
2380 955 2543 1040 quod
2587 976 2711 1018 me-

697 1084 940 1140 tuerent
982 1084 1305 1160 tyrannOS,
1356 1101 1392 1140 a
1437 1078 1711 1162 Diogene
1758 1079 1950 1142 aliove
1998 1077 2291 1161 adjectam
2339 1099 2485 1138 esse.

786 1193 1004 1277 Itaque
1036 1195 1306 1279 positum
1338 1196 1442 1272 sit,
1478 1195 1863 1260 Hermodoro
1896 1202 2081 1273 teste,
2116 1195 2431 1258 Platonem
2464 1191 2710 1254 Socrate

697 1319 936 1376 mortuo
982 1313 1231 1398 Megara
1275 1315 1540 1379 cessisse.
1635 1314 1822 1394 Quod
1868 1314 2123 1398 epistola
2168 1313 2243 1377 de
2288 1313 2403 1377 hoc
2455 1310 2711 1374 mentio-

695 1453 835 1495 nem
895 1454 1021 1496 non
1078 1433 1255 1511 facit,
1319 1433 1424 1497 sed
1484 1433 1919 1519 philosophum
1984 1432 2243 1498 Athenis
2306 1431 2711 1516 permansisse

698 1549 942 1628 scribit,
976 1550 1062 1613 ita
1083 1551 1370 1636 explicari
1391 1553 1650 1636 poterit,
1685 1553 1736 1615 si
1766 1558 2133 1628 statuamuS,
2166 1551 2282 1614 iter
2310 1549 2470 1613 illud
2502 1548 2711 1634 Mega-

695 1691 868 1732 rense
929 1669 1358 1754 digressionem
1419 1673 1625 1756 potius
1687 1679 1747 1735 et
1808 1673 1982 1755 quasi
2039 1669 2468 1734 diverticulum
2523 1689 2710 1751 quam

699 1809 1008 1853 excessum
1071 1812 1144 1853 ex
1202 1790 1353 1855 urbe
1397 1791 1615 1868 fuisse,
1665 1790 1743 1854 ob
1786 1791 1905 1858 loci
1950 1790 2355 1868 vicinitatem,
2406 1810 2593 1872 quare
2638 1785 2709 1849 id

700 1906 941 1972 silentio
997 1909 1320 1992 praeterire
1374 1910 1639 1973 licuisse.
1690 1885 2042 1974 Hermanno
2084 1916 2242 1972 certe
2273 1907 2550 1972 assentiri
2581 1926 2710 1969 non

693 2040 978 2111 possum,
1027 2027 1303 2111 opinanti
1334 2027 1685 2105 Platonem,
1720 2037 1962 2092 mortuo
1995 2027 2238 2091 Socrate
2256 2076 2273 2106 ,
2306 2025 2417 2090 diu
2440 2025 2711 2109 Megaris

695 2143 999 2208 habitasse
1046 2151 1105 2208 et
1150 2145 1235 2209 ibi
1281 2145 1556 2210 Euclidis
1602 2146 1989 2230 potissimum
2036 2144 2469 2210 consuetudini
2502 2165 2713 2228 accep-

583 2271 588 2274 ’
693 2270 819 2326 tam
867 2263 1146 2328 debuisse
1191 2265 1546 2329 interiorem
1590 2265 1761 2328 illam
1806 2263 2115 2329 Eleaticae
2164 2264 2473 2327 doctrinae
2521 2262 2713 2326 scien-

691 2381 842 2446 tiam
902 2389 963 2446 et
1023 2382 1368 2447 dialectices
1415 2384 1727 2468 peritiam,
1779 2406 1963 2467 quam
2011 2406 2151 2450 cum
2198 2383 2398 2446 ethica
2443 2381 2709 2446 Socratis

694 2502 1028 2586 conjunxit.
1059 2503 1106 2587 l)
1198 2501 1394 2582 Quasi
1439 2524 1580 2566 vero
1628 2502 1925 2581 Athenis,
1974 2502 2477 2587 philosophorum
2526 2509 2588 2564 et
2620 2523 2713 2564 so-

692 2621 1035 2706 phistarum
1081 2619 1249 2697 sede,
1291 2620 1566 2685 Eleatica
1589 2621 1979 2707 philosophia
2008 2644 2133 2686 non
2165 2643 2357 2704 aeque-
2377 2627 2526 2685 nota
2552 2625 2713 2683 esset

693 2747 876 2823 atque
922 2738 1270 2805 Heraclitea
1283 2788 1302 2817 ,
1352 2740 1415 2803 in
1463 2762 1587 2824 qua
1630 2740 1807 2803 Plato
1840 2739 2189 2804 adolescens
2218 2740 2511 2825 magistro
2555 2760 2708 2802 usus

675 2866 786 2924 -est
833 2857 1078 2942 Cratylo
1094 2907 1114 2936 ,
1166 2866 1235 2921 ut
1278 2858 1490 2921 retulit
1523 2858 1906 2923 Aristoteles,
1924 2861 1974 2943 2)
2020 2858 2102 2922 Et
2133 2859 2350 2942 quidni
2388 2881 2462 2922 ex
2494 2858 2707 2922 eodem

691 2977 859 3040 fonte
903 2976 1071 3040 illam
1119 2975 1571 3061 philosophiam
1614 2998 1862 3040 noscere
1907 2978 2110 3061 potuit
2155 2977 2321 3042 unde
2368 2999 2500 3040 eam
2547 2998 2713 3040 acce-

692 3096 786 3182 pit
828 3095 1137 3173 EuclideS,
1187 3096 1293 3179 qui
1332 3095 1578 3159 Platoni
1609 3096 1876 3178 aequalis
1907 3095 2069 3160 fuit?
2093 3096 2139 3180 3)
2186 3094 2358 3175 Quid
2390 3094 2559 3179 quod
2577 3097 2705 3180 jam

693 3215 934 3280 vivente
979 3213 1256 3292 Socrate,
1304 3221 1376 3278 ut
1419 3215 1603 3278 refert
1646 3213 1928 3279 La'e‘rtius
1974 3213 2082 3292 II,
2133 3217 2171 3278 3
2187 3264 2206 3294 ,
2257 3213 2551 3280 Euclides
2582 3213 2708 3296 περὶ

693 3333 825 3405 τοὺς
885 3333 1190 3413 ἐριστικοὺς
1247 3332 1455 3409 λόγους
1515 3331 1867 3400 ἐσπούδακα
1932 3355 2120 3416 quare
2176 3355 2304 3397 non
2349 3338 2512 3410 erat,
2563 3354 2707 3409 cur,

762 3602 812 3664 1)
857 3603 1104 3652 Hermann
1149 3602 1202 3652 11.
1248 3619 1297 3668 p.
1335 3604 1430 3652 46:
1481 3603 1577 3662 „So
1609 3605 1673 3652 ist
1704 3608 1777 3653 est
1810 3606 1958 3654 achon
1990 3621 2050 3654 an
2084 3604 2186 3652 sich
2220 3603 2325 3654 eine
2358 3602 2531 3652 hochst
2564 3601 2719 3651 wahr-

693 3696 984 3746 scheinliche
1015 3697 1366 3762 Vermiithung,
1405 3699 1510 3747 dass
1545 3699 1661 3748 eben
1697 3699 1849 3748 dieser
1884 3699 2170 3748 Aufenthalt
2204 3700 2253 3747 in
2289 3700 2485 3762 Megara
2525 3714 2575 3746 es
2592 3712 2715 3761 ganz

695 3793 970 3856 vorziiglich
1013 3809 1110 3843 war
1151 3794 1234 3842 der
1280 3795 1419 3843 Plato
1467 3794 1555 3843 mit
1588 3795 1693 3843 dem
1730 3794 2043 3860 eigentlichen
2078 3795 2254 3844 Stande
2288 3796 2371 3844 der
2405 3794 2717 3844 Griechische

695 3888 1024 3951 Speculation,
1075 3888 1172 3937 und
1219 3889 1508 3952 domgemiiss
1554 3889 1644 3938 mit
1678 3890 1785 3939 dem
1818 3891 2009 3940 wahren
2043 3890 2349 3940 Bediirfnisse
2384 3890 2466 3939 des
2498 3889 2716 3958 philoso-

694 3982 920 4047 phischen
955 3982 1139 4033 Geistes
1171 3984 1325 4032 seiner
1358 3985 1461 4032 Zeit
1493 3984 1641 4033 nahar
1672 3985 1885 4036 bekannt
1916 3985 2153 4038 maome-’²

762 4080 810 4140 2)
846 4079 1057 4143 Metaph.
1092 4081 1141 4138 Ι,
1179 4082 1235 4138 5,
1268 4095 1316 4144 p.
1353 4081 1416 4129 20
1449 4080 1627 4128 Brand.

763 4175 810 4244 3)
844 4175 952 4226 Vid.
985 4175 1178 4240 Dcyks,
1212 4176 1269 4226 de
1303 4176 1585 4240 Megaricis,
1621 4193 1670 4240 p.
1704 4178 1751 4226 5.
