3025 5067
1600 361 1723 422 136

754 567 1012 630 Mortuo
1047 565 1340 650 Dionysio
1386 589 1576 650 quum
1623 567 1683 630 in
1732 589 1984 651 regnum
2031 568 2413 632 successisset
2457 568 2655 644 filius,

668 685 800 762 hic,
863 684 1153 748 suadente
1212 684 1444 761 Dione,
1509 685 1618 767 qui
1676 685 1953 769 sperabat
1997 686 2074 756 εἷς
2128 687 2430 762 ἐπιθυμίαν
2476 685 2657 750 ἐλθεῖν

667 803 840 870 αὐτὸν
897 809 998 869 τοῦ
1055 803 1372 866 καλλίστου
1430 802 1528 866 καὶ
1590 802 1819 882 οὶρίστου
1861 803 1990 880 βίου
2051 805 2131 888 (Ρ.
2180 806 2304 869 327
2354 804 2472 888 1)),
2518 802 2657 865 Pla-

664 930 866 986 tonem
910 921 1190 985 'invitavit
1250 928 1321 984 ut
1380 921 1600 984 iterum
1661 921 1725 983 in
1785 921 2050 986 Siciliam
2096 923 2413 1007 trajiceret.
2508 921 2661 985 Post

661 1041 870 1126 longas
931 1040 1389 1103 deliberationes
1457 1039 1633 1103 Plato
1704 1040 2243 1124 obtemperandum
2314 1040 2519 1104 amicis
2569 1063 2662 1103 ra-

663 1168 792 1238 tus,
839 1159 1210 1234 καταλιπὼν,
1281 1157 1464 1235 dicit,
1534 1157 1644 1228 τοὶς
1690 1159 1945 1233 ἐμαυτοῦ
1990 1158 2290 1238 διατριβὰς
2337 1159 2511 1230 οὔσας
2558 1161 2663 1222 οὐκ

661 1279 1008 1358 ἀσχήμονας
1055 1276 1138 1360 (h.
1193 1300 1244 1340 e.
1293 1276 1733 1360 disputationes
1779 1277 1842 1339 in
1893 1277 2271 1361 Academia),
2338 1275 2665 1362 Syracusas

665 1395 964 1480 profectus
1011 1418 1179 1472 sum,
1229 1418 1368 1458 cum
1413 1394 1630 1460 Dionis
1677 1396 1871 1481 gratia
1910 1404 2041 1460 tum
2076 1396 2510 1481 philosophiae.
2574 1396 2668 1460 Ut

629 1517 800 1579 ‘vero
862 1513 1109 1592 adveni,
1173 1515 1366 1598 reperi
1438 1514 1565 1576 illic
1619 1513 1821 1577 omnia
1887 1513 2145 1585 στάσεως
2208 1513 2304 1578 καὶ
2374 1515 2659 1592 διαβολῶν

665 1632 895 1711 μεστοὶ,
950 1632 1486 1696 calumniatoribus
1540 1632 1799 1696 Dionem
1854 1632 2316 1696 criminantibus
2365 1633 2529 1716 quod
2576 1655 2664 1696 re-

667 1775 852 1838 gnum
913 1751 1214 1816 affectaret
1251 1753 1328 1836 ¹),
1399 1773 1522 1834 quo
1580 1750 1809 1814 factum
1870 1758 1939 1815 ut
2000 1758 2215 1834 quarto
2275 1752 2397 1816 fere
2456 1773 2663 1814 mense

667 1877 806 1956 post
871 1869 1197 1933 adventum
1262 1868 1535 1932 Platonis
1602 1869 1721 1932 Dio
1789 1891 1825 1932 a
1890 1877 2145 1954 tyranno
2213 1869 2500 1956 expulsus
2545 1869 2661 1932 sit:

667 1988 798 2068 μηνὶ
867 1987 926 2052 δὲ
989 1987 1198 2068 σχεδὸν
1253 1985 1386 2060 ἴσως
1441 1985 1703 2068 τετάρτῳ
1760 1987 1955 2053 Δίωνα
2000 1986 2284 2060 Διονύσιος
2333 1987 2659 2063 αἰτιώμενος

667 2105 1054 2185 ἐπιβουλεύειν
1096 2115 1170 2188 τῇ
1214 2106 1488 2186 τυραννίδι
1533 2105 1765 2186 σμικρὸν
1810 2109 1889 2178 εἷς
1928 2114 2120 2172 πλοῖον
2158 2107 2502 2186 ε’μβιβοέσας
2542 2106 2661 2184 ἐξέ·

669 2227 859 2302 βαλεν
888 2227 1130 2302 ἀτίμως.
1179 2227 1265 2309 (p.
1293 2227 1417 2288 329
1452 2223 1544 2310 C).
1577 2224 1805 2288 Exacto
1837 2225 2061 2302 Dione,
2095 2225 2271 2289 Plato
2304 2249 2339 2290 a
2370 2225 2663 2310 Dionysio

669 2351 938 2408 retentus
986 2351 1076 2407 est
1120 2342 1445 2428 Syracusis.
1537 2343 1635 2407 Ibi
1680 2343 1951 2408 habitare
1997 2367 2135 2408 eum
2174 2345 2359 2429 jussit
2403 2345 2467 2408 in
2507 2318 2667 2408 acro-

674 2462 798 2549 poli
857 2468 918 2526 et
974 2463 1037 2526 in
1100 2461 1226 2526 dies
1287 2461 1477 2546 magis
1537 2462 1851 2546 magisque
1912 2485 2049 2526 eum
2111 2462 2303 2526 coluit
2370 2470 2431 2526 et
2499 2463 2664 2528 blan-

673 2580 836 2644 ditiis
889 2587 1244 2666 prosecutus
1291 2588 1382 2646 est
1396 2630 1414 2660 ‚
1484 2588 1557 2645 ut
1616 2582 1745 2646 eius
1790 2581 2045 2666 gratiam
2104 2581 2219 2646 sibi
2280 2583 2630 2646 conciliaret
2645 2609 2663 2661 3

673 2699 810 2778 sed,
859 2699 1022 2783 quod
1067 2699 1322 2764 maxime
1368 2701 1617 2784 optabat
1661 2699 1837 2764 Plato
1856 2750 1874 2778 ,
1923 2708 1993 2764 ut
2038 2701 2457 2786 philosophiae
2506 2725 2665 2786 prae-

672 2817 861 2902 ceptis
935 2816 1264 2901 Dionysius
1340 2817 1681 2882 erudiretur
1756 2824 1816 2882 et
1878 2816 2133 2883 disceret
2188 2818 2411 2902 quibus
2471 2819 2666 2882 modis

675 2935 915 3000 Siciliae
985 2935 1256 2999 civitates
1333 2935 1597 3000 desertas
1671 2936 1989 3000 restituere
2068 2944 2128 3001 et
2188 2960 2223 3000 a
2280 2935 2669 3002 barbarorum

671 3056 820 3140 jugo
879 3054 1131 3119 liberare
1190 3063 1390 3139 posset
1451 3056 1533 3139 (p.
1582 3057 1708 3118 332
1757 3054 1867 3139 E),
1915 3055 1979 3118 id
2025 3055 2219 3119 facere
2274 3055 2505 3119 noluit:
2554 3057 2667 3132 ἐγὼ

680 3173 737 3236 δὲ
805 3171 1006 3237 πάντα
1065 3171 1372 3250 ὑπέμενον,
1401 3222 1415 3237 .
1444 3222 1458 3237 .
1487 3221 1502 3237 .
1564 3174 1698 3260 ὁδ’
1721 3174 1967 3250 ἐνίκησεν
1995 3234 2000 3240 .
2024 3173 2343 3239 ἀντιτείνων
2402 3175 2483 3258 (p.
2542 3175 2665 3237 330

681 3291 776 3376 Β).
897 3289 995 3355 Ne
1077 3292 1286 3376 plura,
1358 3299 1657 3377 postremo
1673 3341 1692 3370 ,
1762 3292 2072 3357 occasione
2132 3292 2277 3357 belli
2343 3292 2406 3357 in
2470 3291 2671 3356 Sicilia

681 3409 898 3487 exorti,
946 3392 1123 3502 Plato
1171 3433 1206 3472 a
1249 3409 1542 3495 Dionysio
1589 3409 1851 3502 abeundi
1895 3411 2129 3475 veniam
2175 3409 2552 3494 impetravit,
2600 3431 2671 3473 ea

681 3527 1024 3592 conditione
1069 3537 1167 3606 ut,
1215 3551 1360 3614 pace
1407 3530 1771 3614 composita,
1820 3551 1958 3593 cum
2004 3529 2201 3594 Dione
2247 3529 2472 3593 rediret
2501 3527 2672 3614 Syra-

681 3670 874 3711 cusas,
921 3647 1250 3712 Discedens
1295 3649 1602 3734 profectus
1647 3657 1739 3713 est
1780 3648 2142 3727 Tarentum,
2190 3647 2299 3714 ubi
2342 3647 2673 3734 hospitium

749 3949 796 4008 1)
829 3947 965 3998 Inter
999 3947 1165 3996 Dionis
1197 3949 1474 4012 eosdemque
1508 3947 1721 3998 Platonis
1754 3947 2047 3998 adversarios
2078 3946 2328 4011 praecipue
2363 3944 2675 3994 nominandus

683 4043 940 4102 Philistus,
965 4042 1100 4093 cuius
1124 4043 1304 4094 mentio
1336 4044 1393 4094 fit
1424 4045 1474 4094 in
1504 4045 1595 4110 Ep.
1621 4045 1733 4104 ΙΙΙ,
1751 4060 1799 4108 p.
1823 4045 1916 4093 315
1943 4044 2133 4124 Ειᾶδην
2146 4047 2239 4112 γὰρ
2256 4041 2678 4096 ὖπὸῡιλιστὶδου

684 4141 757 4194 καὶ
790 4142 935 4194 ἄλλων
963 4141 1162 4191 πολλῶν.
1187 4175 1198 4188 .
1219 4176 1230 4188 .
1264 4139 1528 4208 διεβλήθην,
1564 4155 1649 4205 pro
1683 4155 1777 4203 quo
1810 4139 2059 4206 legendum
2088 4140 2305 4192 Φιλίστου.
