3025 5067
1357 1147 1747 1241 CAPUT
1830 1145 1945 1242 VI.

702 1475 777 1516 DE
822 1474 1016 1516 REBUS
1061 1473 1407 1516 HISTORIOIS
1453 1473 1623 1532 QUAE
1668 1473 1737 1516 IN
1782 1472 2097 1516 EPISTOLIS
2145 1468 2596 1514 MEMORANTUR.

1439 1719 1832 1758 ..ἡὴ-...-

742 1949 1138 2037 Praecipuum
1186 1950 1599 2037 Epistularum
1647 1958 2074 2036 argumentum
2121 1957 2214 2014 est
2259 1949 2334 2012 de
2381 1948 2665 2011 Platonis

649 2069 968 2133 itineribus
1014 2070 1077 2133 in
1124 2069 1389 2134 Siciliam
1437 2078 1495 2134 et
1543 2071 1617 2134 de
1665 2072 2022 2135 commercio
2054 2069 2220 2153 quod
2253 2069 2306 2132 ei
2340 2090 2476 2130 cum
2510 2067 2665 2128 Dio-

646 2189 817 2272 nysio
868 2195 929 2251 et
959 2211 1096 2253 cum
1130 2189 1329 2253 Dione
1359 2190 1668 2274 huiusque
1699 2191 1877 2255 sociis
1908 2191 2045 2253 fuit.
2109 2187 2417 2273 Epistolae
2451 2194 2661 2249 autem

647 2307 823 2370 VIIw
867 2308 931 2371 in
971 2308 1214 2372 exordio
1261 2310 1739 2393 praemittuntur
1782 2308 2080 2373 nonnulla
2111 2307 2188 2371 ad
2219 2305 2659 2390 rempublicam

647 2415 1027 2490 Athenarum
1075 2429 1441 2511 spectantia,
1479 2428 1857 2492 adolescente
1905 2428 2194 2504 Platone,
2229 2427 2293 2488 in
2325 2423 2514 2486 VIIIa
2538 2446 2662 2486 me-

644 2552 958 2608 morantur
983 2545 1280 2628 quaedam
1313 2547 1386 2610 de
1418 2547 1597 2611 rebus
1631 2547 1884 2626 Siculis,
1919 2547 2096 2632 pulso
2129 2545 2458 2628 Dionysi0‚
2497 2551 2557 2605 et
2580 2523 2659 2605 d'e

646 2663 828 2727 huius
860 2664 1090 2727 familia
1100 2691 1117 2740 3
1151 2672 1492 2749 tanguntur
1522 2666 1790 2751 Lycurgi
1820 2667 2139 2742 instituta,
2175 2686 2331 2747 quae
2362 2670 2655 2744 tanquam

647 2781 988 2878 exemplum
1021 2783 1391 2847 ordinandae
1423 2785 1791 2868 reipublicae
1823 2791 2267 2869 proponuntur.
2319 2780 2397 2843 In
2429 2780 2523 2842 his
2546 2779 2659 2862 igi-

644 2909 746 2964 tur
793 2893 1160 2986 exponendis
1208 2925 1360 2985 quae
1407 2903 1487 2966 sit
1534 2903 2009 2988 epistolographi
2033 2901 2350 2985 diligentia
2383 2907 2444 2962 et
2474 2899 2657 2974 fides,

644 3019 974 3084 videamus
1038 3019 1360 3100 ·Quaestio
1409 3022 1562 3086 haec
1615 3044 1740 3086 non
1784 3022 1932 3086 levis
1976 3028 2066 3084 est
2098 3018 2389 3083 momenti
2421 3024 2481 3080 et
2512 3038 2659 3101 pon-

639 3136 797 3201 deris
860 3145 1105 3222 propter
1128 3152 1134 3158 '
1161 3139 1430 3222 ipsarum
1474 3138 1926 3224 Epistolarum,
1977 3138 2449 3221 qualescumque
2496 3135 2654 3210 sint,

641 3263 1004 3321 vetustatem
1079 3263 1137 3319 et
1184 3257 1629 3322 auctoritatem.
1723 3256 1951 3341 Negari
2013 3257 2175 3319 enim
2221 3254 2469 3337 nequit,
2518 3275 2613 3316 eas
2634 3302 2654 3328 ‚

639 3375 960 3459 praecipue
1008 3373 1235 3453 VII⁰¹¹¹‚
1281 3376 1404 3438 sive
1435 3399 1753 3460 germanae
1786 3382 2082 3460 putentur
2113 3375 2237 3436 sive
2269 3372 2617 3456 suppositae
2635 3421 2653 3448 ‚

638 3492 703 3554 in
765 3493 1202 3577 antiquissimis
1259 3494 1570 3578 ponendas
1633 3517 1760 3558 esse
1818 3492 2225 3557 monumentis
2290 3490 2451 3554 unde
2520 3488 2656 3552 Pla-

639 3611 799 3673 tonis
847 3613 1098 3695 eiusque
1143 3620 1487 3697 temporum
1535 3636 1627 3676 res
1674 3618 2135 3696 cognoscantur.
2200 3609 2423 3672 Errant
2451 3616 2675 3671 tamen·

641 3730 748 3812 qui
817 3752 915 3792 eas
966 3731 1214 3794 unicum
1262 3754 1452 3816 paene
1499 3731 1724 3794 fontem
1777 3755 1904 3793 esse
1953 3731 2281 3815 opinantur
2328 3735 2436 3790 aut
2496 3728 2657 3790 tanti

641 3847 990 3924 aestimant,
1040 3856 1112 3911 ut
1157 3855 1354 3914 cetera
1401 3850 1747 3912 testimonia
1793 3871 1934 3933 prae
1981 3849 2076 3911 his
2123 3869 2311 3932 paene
2360 3845 2538 3908 nihili
2572 3844 2657 3908 fa·
2734 3909 2741 3933 ¹

637 3965 818 4027 ciant.
851 3966 896 4048 ¹)
931 3963 1215 4029 -Constat
1261 3968 1422 4030 enim
1469 3967 1705 4030 easdem
1760 3989 1853 4028 res
1899 3966 2097 4029 multo
2144 3965 2384 4050 plenius
2432 3963 2651 4047 partim

703 4194 751 4254 l)
786 4192 856 4241 Ut
895 4195 954 4243 H.
991 4193 1144 4241 Ritter
1179 4199 1227 4242 et
1264 4195 1436 4253 Grote,
1471 4194 1607 4242 citati
1644 4211 1783 4256 supra
1823 4209 1870 4256 p.
1906 4193 1933 4244 7
1972 4199 2018 4240 et
2056 4195 2099 4243 8.

1718 4299 1731 4335 .¹
