3025 5067
1648 400 1727 459 253

768 608 879 670 Uti
925 608 1038 671 hae
1086 607 1410 690 epistolae,
1461 606 1549 669 ita
1596 614 1827 669 ceterae
1875 629 2119 689 quoque
2169 630 2323 690 quae
2370 606 2447 668 ad
2478 604 2705 667 famili-

683 749 810 789 ares
875 727 1132 810 scriptae
1193 733 1340 788 sunt
1398 726 1811 809 ,praestantiae
1872 724 2066 808 gradu
2112 726 2380 789 multum
2426 725 2585 787 inter
2632 746 2703 785 se

679 846 967 909 differunt
984 871 1002 923 ;
1051 844 1236 908 simul
1281 852 1486 908 autem
1531 844 1596 907 in
1644 844 1950 928 plerisque
1982 844 2148 908 haud
2180 845 2440 909 obscura
2468 843 2705 907 indicia

681 963 1108 1039 inveniuntur,
1160 985 1258 1025 eas
1304 986 1337 1025 e
1385 961 1512 1025 VII
1560 985 1687 1025 esse
1736 984 2040 1045 procusas,

769 1081 1048 1167 Epistola
1092 1081 1150 1143 V
1196 1054 1420 1165 scripta
1465 1089 1557 1145 est
1603 1081 1678 1145 ad
1724 1081 2107 1159 Perdiccam,
2159 1105 2281 1165 quo
2328 1104 2529 1165 regem
2570 1082 2705 1145 Ma-

681 1202 967 1265 cedoniae
1013 1201 1274 1285 intelligi
1321 1208 1747 1285 argumentum
1780 1202 2077 1279 ostendit,
2113 1202 2414 1284 siquidem
2448 1208 2707 1285 apparet

681 1344 821 1383 eum
881 1320 1166 1399 μόναρχον
1226 1320 1414 1383 fuisse
1473 1322 1555 1404 (p.
1606 1322 2012 1403 321*322)‚
2062 1328 2123 1384 et
2168 1329 2441 1405 tempora
2487 1342 2706 1383 conve-

681 1439 880 1501 niunt.
972 1438 1272 1521 Regnavit
1317 1440 1478 1502 enim
1538 1438 1855 1503 Perdiccas
1918 1439 2022 1502 III
2084 1463 2135 1503 a.
2182 1438 2255 1503 G.
2308 1441 2658 1507 364—359
2682 1490 2701 1516 ,

679 1579 801 1641 quo
861 1566 1130 1641 tempore
1191 1558 1368 1621 Plato
1430 1558 1870 1643 propemodum
1938 1562 2194 1624 65—70
2262 1582 2451 1622 annos
2513 1564 2703 1621 natus

679 1681 824 1740 erat.
919 1675 1320 1741 Commendat
1388 1679 1442 1740 ei
1510 1678 1905 1762 Euphraeum
1924 1728 1942 1756 ,
2013 1701 2205 1742 unum
2277 1679 2565 1741 nimirum
2624 1700 2701 1741 ex

681 1796 1040 1860 Academiae
1087 1796 1396 1860 sodalibus
1427 1798 1503 1880 ¹),
1555 1805 1613 1861 et
1661 1797 1845 1861 simul
1891 1798 2151 1861 rationes
2185 1798 2354 1861 addit
2386 1820 2497 1860 cur
2525 1797 2699 1882 ipse,

681 1915 828 1978 dum
887 1915 1020 1978 aliis
1061 1915 1313 1979 consilia
1352 1916 1557 1992 daret,
1602 1938 1845 1999 prorsus
1885 1940 1918 1978 a
1958 1916 2269 1999 republica
2311 1915 2697 1979 abstinuerit.

681 2033 848 2096 Haec
880 2010 1084 2097 autem
1117 2033 1386 2097 defensio
1417 2033 1560 2097 inde
1585 2056 1619 2096 a
1652 2033 1875 2110 vei-bie,
1910 2034 2009 2098 ἐὰν
2032 2033 2091 2098 δέ
2108 2059 2193 2105 τις
2219 2032 2471 2105 α’κούσας
2494 2040 2703 2098 ταῦτα

679 2155 760 2237 (p.
797 2155 921 2215 322
973 2156 1081 2235 A),
1123 2159 1215 2215 est
1260 2153 1434 2235 quasi
1465 2152 1893 2236 compendium
1927 2174 2135 2216 eorum
2168 2175 2322 2235 quae
2353 2153 2418 2215 in
2450 2147 2701 2216 exordio

681 2270 991 2355 Epistolae
1016 2269 1165 2340 ‚VII
1192 2270 1483 2354 leguntur
1515 2271 1589 2333 de
1621 2269 1895 2333 Platonis
1927 2271 2052 2333 vita
2086 2271 2361 2355 publica,
2396 2281 2457 2334 et
2488 2281 2702 2355 postea

679 2412 737 2473 p.
789 2392 914 2451 330
966 2412 1054 2471 sq.
1105 2388 1180 2451 de
1225 2389 1458 2452 ratione
1508 2410 1664 2471 quae
1710 2390 1775 2451 in
1823 2389 2089 2452 consiliis
2136 2388 2351 2452 dandis
2390 2389 2702 2473 sequenda

681 2508 794 2585 sit3
843 2530 967 2571 non
1016 2530 1210 2591 pauca
1257 2510 1320 2571 in
1366 2508 1462 2571 his
1509 2530 1757 2592 prorsus
1806 2516 1951 2572 sunt
1998 2509 2237 2572 similia.
2264 2510 2312 2592 2)

767 2626 1040 2710 Epistola
1087 2626 1181 2689 IX
1227 2627 1303 2690 ad
1351 2628 1683 2711 Archytam
1734 2628 1924 2692 veluti
1970 2629 2339 2692 documento
2372 2634 2465 2691 est
2495 2626 2693 2703 ξενίας

675 2743 772 2807 καὶ
807 2744 1086 2823 ἑταιρείας
1134 2768 1316 2827 quam
1364 2769 1504 2809 eum
1540 2746 1811 2830 Archyta
1836 2770 1899 2809 se
1930 2747 2139 2809 iniisse
2170 2746 2382 2810 scribit
2414 2746 2527 2830 Ep.
2565 2744 2697 2808 VII

676 2886 733 2945 p.
785 2865 910 2925 338
960 2861 1037 2939 C,
1087 2863 1258 2926 cuius
1306 2864 1487 2927 etiam
1536 2864 1822 2949 epistolas
1872 2864 1947 2927 ad
1981 2888 2043 2929 se
2075 2866 2288 2927 missas
2319 2863 2545 2927 ibidem
2576 2886 2701 2926 me-

675 2988 902 3058 morat,
953 3004 1010 3065 p.
1062 2984 1186 3044 339
1236 2981 1315 3045 D.
1384 2981 1715 3066 Praecepta
1740 2984 2012 3046 continet
2044 3005 2324 3067 expressa
2356 3006 2387 3045 6
2420 2982 2699 3046 Platonis

678 3107 904 3175 mente,
939 3100 1136 3183 qualis
1171 3100 1232 3164 in
1279 3100 1386 3163 illa
1427 3101 1685 3185 epistola
1725 3101 2033 3185 pingitur:
2079 3102 2245 3165 velut
2292 3123 2447 3184 quae
2488 3109 2699 3164 monet

675 3218 750 3281 de
775 3218 1138 3301 capessenda
1160 3219 1499 3304 republica,
1538 3219 1611 3282 de
1643 3220 2024 3282 inserviendo
2055 3220 2321 3303 patriae,
2356 3226 2489 3282 tum
2526 3242 2698 3303 prae—

676 3338 882 3399 sertim
942 3337 1123 3401 verba
1182 3338 1321 3401 illa:
1389 3339 1590 3403 πολλα
1652 3338 1709 3401 δὲ
1750 3340 1847 3402 καὶ
1896 3346 2015 3411 τοῖς
2062 3346 2271 3417 καιροῖς
2318 3338 2529 3403 δίδοται
2575 3346 2697 3409 τοῖς

674 3458 770 3520 τὸν
829 3457 953 3533 βίον
1024 3460 1180 3533 ἡμῶν
1243 3456 1839 3534 καταλαμβάνουσιν,
1886 3456 2055 3520 haud
2102 3457 2448 3543 discrepant
2496 3458 2569 3549 ab
2618 3459 2695 3522 iis

676 3599 832 3658 quae
879 3575 954 3637 de
1001 3600 1064 3639 se
1109 3577 1244 3661 ipso
1292 3577 1444 3639 dicit
1490 3576 1605 3661 Ep.
1655 3576 1817 3653 VII,
1868 3600 1927 3660 p.
1977 3578 2105 3639 324
2153 3575 2202 3639 C
2250 3586 2311 3639 et
2356 3579 2480 3639 331
2533 3577 2608 3639 D.

742 3889 790 3949 1)
827 3890 896 3935 De
948 3889 1166 3937 Platonis
1211 3906 1319 3938 cum
1355 3890 1609 3953 Euphraeo
1644 3894 1695 3937 et
1730 3890 1954 3938 Perdicca
2005 3891 2357 3940 consuetudine
2409 3893 2503 3940 vid.
2538 3893 2699 3942 Athen

673 3984 759 4032 XI.
793 4000 840 4047 p.
879 3984 973 4033 508
1008 3986 1069 4034 D.

741 4080 788 4141 2)
823 4080 984 4129 Veluti
1028 4096 1073 4145 p.
1121 4082 1217 4130 322
1264 4081 1330 4130 B:
1381 4085 1421 4132 el
1469 4088 1537 4145 μὴ
1570 4086 1725 4145 μάτην
1755 4082 2031 4133 κινδυνεύσειν
2064 4086 2199 4149 ᾤετο,
2234 4088 2283 4132 et
2318 4100 2365 4148 p.
2401 4084 2495 4131 331
2533 4086 2599 4133 D:
2639 4091 2696 4140 el.

671 4176 828 4243 μέλλοι
860 4184 983 4243 μήτε
1014 4180 1226 4243 ματαίως
1258 4182 1376 4246 ἐρεῖν
1405 4185 1529 4245 μήτε,
1560 4180 1880 4231 ἀποθανεῖσθαι
1917 4180 2070 4242 λέγων.
