3025 5067
1283 422 1405 481 221

328 632 653 710 voluisset,
704 632 1043 717 scripsisset
1088 629 1300 693 saltem
1319 679 1336 706 ,
1386 629 1634 713 opinor:
1660 626 1921 708 καθάπερ
1943 629 2000 692 ἐν
2023 634 2156 697 ταῖς
2179 625 2344 691 Πλά-

326 777 496 825 τωνος
520 752 865 833 διαιρέσεσιν.
916 750 1073 815 Cum
1098 749 1213 813 hoc
1238 748 1553 833 congruit,
1581 746 1746 832 quod
1769 747 1930 832 fugit
1953 745 2340 810 Brandisium

332 880 393 935 et
415 871 820 947 Suckovium,
847 869 1013 954 quod
1036 869 1503 933 commentarius
1530 866 1742 931 eodem
1763 866 1949 930 titulo
1975 873 2044 929 ut
2070 864 2344 929 Platonis

228 962 247 975 .
332 993 559 1055 citatur
600 992 668 1054 in
712 990 869 1054 Plat.
904 989 1102 1073 Epist.
1128 986 1328 1065 XIII,
1356 1010 1415 1071 p.
1443 989 1570 1050 360
1599 986 1685 1050 B:
1712 993 1823 1051 τῶν
1858 1011 1926 1051 τε
1953 985 2348 1065 Πυθαγορείων

333 1110 549 1187 πέμπω
594 1134 677 1174 σοι
722 1133 821 1173 και
850 1114 980 1173 τῶν
1034 1106 1468 1187 διαιρέσεωνε
1519 1127 1663 1189 ergo
1709 1105 1854 1169 huic
1887 1126 2133 1189 quoque
2165 1104 2348 1188 scrip-

334 1230 452 1293 tori
511 1228 782 1291 innotuit
834 1226 988 1290 liber
1032 1226 1323 1306 διαιρέσεις
1368 1224 1701 1308 inscriptus
1748 1222 1994 1287 Platoni
2039 1222 2343 1298 tributus3

334 1367 521 1429 quare
559 1344 826 1409 dubitari
854 1342 1033 1408 credo
1065 1366 1189 1407 non
1222 1365 1427 1428 posse,
1463 1344 1614 1427 quin
1647 1342 1761 1407 sub
1795 1342 2069 1407 Platonis
2102 1341 2346 1405 nomine

334 1464 473 1527 talis
518 1464 990 1529 commentarius
1039 1462 1186 1527 olim
1234 1464 1297 1526 in
1347 1462 1675 1527 Academia
1719 1471 1904 1525 notus
1951 1461 2155 1525 fuerit.

425 1582 523 1646 Ad
584 1582 843 1647 eundem
895 1581 1173 1647 libellum
1220 1589 1490 1667 spectare
1535 1580 1688 1645 mihi
1719 1580 1964 1645 videtur
1988 1578 2348 1644 Aristoteles

333 1700 609 1787 Metaph.
657 1701 785 1779 IV,
840 1704 957 1778 11,
1016 1724 1077 1785 p.
1132 1703 1299 1764 1019
1351 1704 1441 1778 Α,
1490 1701 1600 1765 ubi
1648 1722 1831 1784 agens
1864 1700 1939 1763 de
1971 1701 2136 1764 vario
2171 1699 2354 1784 signi-

334 1820 519 1884 ficatu
579 1819 1015 1884 vocabulorum
1076 1819 1324 1901 πρότερα
1378 1827 1439 1883 et
1499 1816 1712 1901 ὕστερα
1727 1868 1746 1900 ,
1814 1818 1962 1882 haec
2019 1816 2222 1882 addit:
2270 1817 2352 1882 τὰ

335 1940 443 2015 μὲν
490 1939 555 2013 δὴ
599 1936 742 2003 οὕτω
790 1938 944 2022 (scil.
994 1947 1067 2002 ut
1110 1939 1177 2002 in
1224 1938 1589 2022 praegressis
1633 1937 1870 2021 monui)
1901 1936 2201 2015 λεγόμενα
2226 1938 2356 2015 πρό-

338 2082 477 2139 τερα
528 2058 627 2121 καὶ
675 2055 921 2139 ὕστερα,
966 2060 1048 2124 τὰ
1093 2058 1152 2122 δὲ
1198 2057 1359 2122 κατὰ
1394 2057 1574 2137 φύσιν
1596 2056 1693 2121 καὶ
1720 2058 1952 2132 οὐσίαν,
1981 2107 1996 2122 .
2025 2108 2040 2122 .
2069 2107 2085 2123 .
2120 2053 2156 2137 ᾖ
2183 2055 2352 2120 διαι-

340 2178 530 2256 ρέσει
578 2177 872 2256 ἐχρήσατο
917 2175 1203 2240 Πλάτωνι
1247 2173 1308 2237 h.
1366 2197 1417 2238 e.
1468 2197 1503 2238 a
1548 2174 1804 2238 Platone
1850 2176 2097 2255 πρότερα
2141 2180 2354 2238 vocata

343 2318 472 2359 esse
527 2296 661 2359 κατ’
715 2294 909 2358 οὐσιάν
926 2344 943 2376 ,
992 2295 1033 2356 i.
1082 2316 1134 2357 e.
1182 2295 1262 2358 τὰ
1310 2292 1479 2369 ὄντας
1523 2290 1734 2374 ὕστερα
1781 2300 1988 2357 autem
2033 2294 2194 2358 κατα
2237 2292 2354 2375 φύ·

342 2439 464 2487 σιν,
531 2415 569 2477 i.
622 2436 672 2477 e.
734 2414 817 2478 τα
862 2410 1139 2491 γεννητα.
1232 2411 1408 2492 Quae
1465 2413 1818 2499 conspirant
1878 2435 2018 2476 cum
2077 2412 2152 2475 iis
2200 2432 2356 2495 quae

341 2535 631 2618 leguntur
688 2534 755 2596 in
800 2532 1045 2596 Timaeo
1062 2582 1081 2609 ,
1147 2532 1254 2596 ubi
1299 2533 1381 2597 τὰ
1426 2533 1674 2606 αἰσθητοὶ
1721 2532 1972 2611 δεύτερον
2021 2538 2232 2596 tenent
2274 2530 2362 2593 lo-

347 2676 510 2717 cum.
560 2651 703 2716 Vid.
750 2651 907 2715 Tim.
954 2674 1017 2736 p.
1068 2652 1149 2713 52
1200 2652 1277 2714 A.

438 2769 609 2850 Quid
670 2776 874 2834 autem
936 2768 1076 2832 illae
1152 2767 1442 2848 διαιρέσεις
1504 2768 1920 2832 continuerint
1968 2767 2064 2833 vel
2109 2790 2182 2831 ex
2227 2768 2362 2854 ipso

342 2889 639 2954 vocabulo
700 2888 929 2953 efficere
988 2887 1152 2952 licet.
1245 2885 1523 2950 Fuerunt
1555 2887 1942 2969 partitiones,
1992 2887 2218 2972 quibus
2265 2910 2361 2952 res

344 3007 410 3071 in
458 3007 693 3071 diversa
737 3028 992 3091 genera,
1040 3006 1267 3092 species
1283 3056 1301 3085 ,
1351 3006 1574 3070 classes
1589 3056 1608 3085 ‚
1655 3006 1880 3091 gradus
1897 3057 1916 3085 ,
1965 3008 2143 3071 certis
2193 3029 2365 3072 voca-

344 3127 509 3191 bulis
572 3125 920 3211 designata,
984 3124 1420 3190 dividerentur.
1458 3126 1506 3209 l)
1613 3124 1816 3206 Quam
1881 3126 2060 3191 utiles
2124 3128 2245 3190 sint
2305 3135 2366 3189 et

345 3246 718 3310 necessariae
776 3244 1121 3309 istiusmodi
1196 3246 1554 3330 partitiones
1625 3245 1701 3309 ad
1741 3247 1972 3330 justam
2018 3268 2221 3311 rerum
2269 3267 2362 3309 co-

347 3364 682 3449 gnitionem
707 3413 725 3442 ,
774 3364 838 3427 in
886 3362 1164 3427 Phaedro
1211 3363 1387 3428 docet
1437 3364 1748 3441 SocrateS,
1797 3387 1856 3449 p.
1909 3366 2034 3427 265
2085 3386 2206 3448 sq.,
2255 3364 2366 3431 ubi

346 3482 478 3567 ipse
522 3484 736 3548 τούτων
780 3488 890 3547 τῶν
934 3482 1250 3562 διαιρέσεων
1294 3482 1392 3547 καὶ
1438 3481 1792 3559 ξυναγωγῶν
1841 3483 2084 3562 ἐραστὴν
2131 3504 2194 3546 se
2235 3505 2371 3567 pro-

347 3602 560 3666 fitetur
603 3604 686 3687 (p.
738 3602 867 3663 266
914 3600 1008 3684 B).
1102 3600 1336 3665 Eodem
1383 3624 1565 3665 sensu
1610 3600 1926 3665 rhetorum
1970 3600 2112 3665 libri
2161 3599 2236 3664 de
2282 3607 2371 3662 to·

350 3721 502 3806 picis
550 3720 923 3784 vocabantur
969 3720 1257 3799 διαιρέσεις
1283 3720 1360 3804 ⁵²);
1408 3720 1555 3785 item
1601 3720 1666 3784 in
1714 3720 1967 3783 historia
2014 3719 2368 3785 animalium

426 4023 471 4084 l)
508 4024 613 4073 Hoc
666 4040 807 4073 sensu
858 4022 1091 4073 vocabulo
1128 4024 1279 4072 utitur
1316 4023 1452 4071 Plato
1488 4024 1696 4088 Sophiat.
1732 4041 1777 4089 p.
1815 4024 1912 4072 253
1948 4023 1986 4072 C
2006 4062 2020 4081 ,
2058 4022 2154 4071 264
2189 4022 2255 4072 C:
2290 4034 2378 4074 τῶν

354 4124 461 4173 κατ’
495 4120 591 4178 εἶδη
625 4120 895 4189 διαιρέσεων.

426 4216 475 4276 2)
516 4214 620 4263 vid.
655 4213 849 4263 Ernesti
883 4214 1086 4263 Lexicon
1122 4214 1407 4279 Technolog.
1444 4216 1491 4263 iu
1530 4230 1655 4263 voce.
