3025 5067
1610 429 1729 490 180

654 636 899 700 fuerunt
976 659 1039 701 a..
1103 636 1180 700 U.
1244 639 1409 714 408,
1475 640 1527 700 a.'
1594 635 1661 699 C.
1728 638 1889 713 348,
1956 657 2078 720 quo
2144 636 2278 720 ipso
2340 657 2499 698 anno
2562 642 2672 698 aut

652 757 926 840 proximo
986 755 1161 820 Plato
1223 754 1384 819 diem
1441 756 1613 820 obiit.
1707 753 1895 834 Quod
1943 755 2017 818 ad
2064 755 2357 818 Pontium
2404 726 2659 830 attinet,

651 875 753 957 qui
801 873 1032 958 proelio
1078 872 1358 937 Caudino
1405 897 1589 937 senex
1634 875 1753 936 fuit
1800 875 2044 958 „gravis
2094 873 2308 937 annis”
2340 871 2498 957 (Liv.
2525 872 2625 935 IX
2648 922 2667 948 ‚

652 995 748 1077 3),
799 994 851 1057 si
898 993 1180 1078 ponimus
1227 1016 1366 1057 eum
1414 1016 1465 1056 a.
1518 1016 1569 1057 a.
1622 992 1691 1056 C.
1737 995 1902 1070 321,
1938 1015 2059 1077 quo
2091 999 2434 1077 pugnatum
2468 1000 2559 1056 est
2592 991 2665 1054 ad

647 1111 916 1175 furculas
949 1111 1292 1190 Caudinas),
1327 1113 1645 1196 sexaginta
1680 1113 1953 1196 quinque
1984 1134 2173 1175 annos
2204 1118 2418 1175 natum
2442 1111 2667 1186 fuisse,
2725 1175 2733 1180 ,

647 1229 966 1294 Platonem
1001 1231 1222 1295 iterum
1255 1230 1502 1294 Tarenti
1537 1230 1876 1315 degentem,
1912 1231 2071 1294 circa
2102 1253 2330 1296 annum
2358 1233 2483 1293 365
2513 1253 2565 1293 a.
2595 1228 2665 1292 C.

645 1348 848 1412 videre
893 1349 978 1413 ibi
1020 1350 1223 1433 potuit
1246 1399 1264 1427 ,
1285 1350 1329 1433 l)
1363 1349 1713 1414 adolescens
1745 1349 1962 1433 viginti
1994 1371 2311 1413 annorum.
2361 1347 2668 1411 Credibile

546 1525 548 1530 .
643 1475 847 1531 tamen
893 1473 1084 1532 totam
1132 1468 1290 1532 hanc
1337 1469 1747 1532 narrationem
1790 1478 1917 1532 esse
1960 1468 2293 1545 fictionem,
2322 1465 2663 1552 cujusmodi

645 1587 848 1671 plures
896 1587 1236 1671 antiquitus
1282 1587 1665 1665 ferebantur3
1716 1587 2040 1651 consulum
2070 1587 2319 1650 nomina
2348 1586 2400 1648 si
2432 1607 2467 1648 a
2499 1583 2667 1648 Cice-

642 1726 788 1769 rone
819 1704 1028 1768 addita
1059 1713 1233 1783 sunt,
1269 1705 1439 1770 aliud
1471 1711 1632 1770 certe
1658 1728 1840 1789 agens
1866 1705 2058 1769 Attici
2082 1705 2351 1769 Annales
2376 1705 2661 1788 inspexit.

643 1821 927 1886 Ceterum
975 1846 1113 1887 cum
1161 1847 1234 1888 ex
1281 1823 1391 1887 hac
1431 1824 1887 1889 narratiuncula
1917 1832 2050 1888 tum
2084 1846 2117 1888 e
2148 1824 2513 1908 scriptorum
2545 1822 2665 1885 dis-

643 1942 954 2020 sensione,
989 1964 1172 2026 quam
1204 1942 1387 2006 modo
1421 1943 1632 2027 attigi,
1668 1953 1953 2028 apparet,
1990 1943 2171 2007 etiam
2203 1943 2267 2006 in
2306 1943 2421 2006 hoc
2444 1943 2662 2006 itinere

644 2062 720 2125 ad
766 2061 1124 2126 Tarentinos
1171 2061 1368 2126 multa
1410 2063 1552 2125 ficta
1598 2069 1705 2126 aut
1750 2059 1911 2125 fama
1958 2069 2137 2126 aucta
2182 2085 2329 2126 esse.

733 2179 1195 2265 Disquisitionis
1265 2203 1502 2265 summa
1568 2180 1689 2243 huc
1750 2180 1927 2244 redit.
2030 2178 2499 2264 Quaecumque,
2566 2201 2662 2241 ex-

645 2301 835 2384 ceptis
881 2299 1202 2364 itineribus
1249 2301 1313 2363 in
1359 2299 1603 2363 Italiam
1629 2307 1688 2362 et
1712 2298 2014 2377 Siciliam,
2051 2299 2125 2362 de
2156 2299 2493 2382 longinqua
2525 2298 2661 2360 Pla-

642 2419 802 2482 tonis
836 2419 1316 2504 peregrinatione
1337 2426 1683 2496 narrantur,
1712 2441 1781 2482 ea
1805 2441 1945 2482 cum
1976 2414 2303 2503 Epistolis,
2339 2417 2663 2502 praecipue

642 2535 769 2599 VH
830 2544 889 2601 et
956 2536 1094 2614 III,
1157 2559 1282 2600 non
1334 2536 1729 2615 concordare,
1795 2545 1979 2621 atque
2040 2537 2089 2599 si
2152 2536 2525 2600 diversorum
2574 2544 2672 2598 te-.

643 2655 828 2718 stium
893 2657 1222 2719 auctoritas
1271 2655 1679 2741 ponderatur,
1727 2656 2035 2741 Epistolas
2082 2656 2447 2740 antiquitate
2495 2662 2659 2718 cert-e

640 2773 854 2836 ceteris
902 2781 1202 2838 antestare
1219 2801 1236 2851 3
1287 2773 1453 2858 quod
1492 2781 1735 2838 mortuo
1774 2773 2019 2838 Socrate
2060 2773 2369 2859 Megaram
2418 2795 2659 2836 conces-

641 2893 787 2956 sisse
835 2892 1090 2971 dicitur‚
1138 2892 1235 2970 id,
1283 2893 1338 2956 si
1397 2901 1602 2957 tamen
1655 2916 1867 2957 verum
1923 2902 2047 2971 est,
2105 2893 2312 2978 potius
2351 2893 2537 2956 fuisse
2570 2892 2659 2956 di-

640 3013 1010 3096 gressionem
1072 3033 1253 3095 quam
1309 3013 1872 3090 commorationem;
1938 3034 2093 3096 quae
2144 3012 2227 3076 de
2282 3011 2657 3096 profectione

639 3133 701 3196 in
752 3133 1102 3216 Aegyptum
1148 3138 1208 3195 et
1255 3131 1534 3216 Cyrenen
1580 3135 1640 3195 et
1686 3131 1762 3194 de
1798 3131 2156 3196 commercio
2192 3153 2331 3194 cum
2366 3130 2560 3194 doctis
2594 3137 2657 3192 et

641 3251 1054 3315 sacerdotibus
1114 3249 1595 3336 Hieropolitanis
1655 3251 1883 3315 tradita
1942 3258 2119 3329 sunt,
2182 3249 2359 3314 valde
2420 3251 2655 3312 incerta

639 3393 802 3447 esse,
850 3391 952 3447 ac,
1000 3369 1118 3432 nisi
1164 3369 1306 3432 ficta
1335 3376 1506 3445 sunt,
1542 3369 1703 3451 fama
1733 3377 1894 3432 certe
1924 3391 2111 3454 supra
2140 3367 2321 3431 fidem
2354 3367 2611 3431 crevisse
2629 3392 2648 3442 3

637 3487 902 3572 denique
965 3489 1016 3551 si
1077 3509 1200 3550 non
1257 3509 1497 3551 omnem
1544 3486 1723 3551 fidem
1770 3486 2093 3551 itineribus
2139 3485 2261 3550 illis
2308 3483 2645 3568 negandam

639 3613 926 3692 putamus
941 3655 962 3684 ,
1010 3612 1170 3670 certe
1213 3627 1340 3670 non
1385 3606 1461 3670 de
1507 3607 1691 3691 longa
1736 3607 2223 3706 peregrinatione
2254 3604 2645 3689 cogitandum

638 3747 800 3802 esse,
865 3724 970 3789 sed
1031 3723 1106 3788 de
1167 3724 1362 3788 brevis
1424 3725 1711 3810 temporis
1773 3747 2049 3802 exceSSU,
2101 3746 2281 3808 quem
2335 3721 2647 3807 Epistolae

636 3842 914 3928 scriptori
959 3842 1201 3907 silentio
1247 3843 1570 3927 praeterire
1616 3842 1875 3907 licuerit.

705 4043 753 4104 1)
799 4043 1034 4108 Archytas
1067 4044 1194 4094 diem
1229 4042 1348 4093 obiit
1382 4059 1422 4091 a.
1459 4006 1581 4090 365.
1619 4041 1777 4108 itaque
1810 4042 1934 4092 alter
1972 4043 2188 4092 Platonis
2210 4043 2440 4092 adventus
2474 4041 2649 4090 'Paren-

635 4139 740 4188 tum
774 4143 885 4188 ante
918 4138 1010 4187 hoc
1045 4144 1234 4203 tempus
1265 4137 1424 4186 locum
1459 4136 1631 4186 habere
1664 4136 1845 4186 debuit.
