<?xml version="1.0" encoding="UTF-8"?>
<!DOCTYPE html PUBLIC "-//W3C//DTD XHTML 1.0 Transitional//EN"
    "http://www.w3.org/TR/xhtml1/DTD/xhtml1-transitional.dtd">
<html xmlns="http://www.w3.org/1999/xhtml" xml:lang="en" lang="en">
 <head>
  <title>
</title>
<meta http-equiv="Content-Type" content="text/html;charset=utf-8" />
  <meta name='ocr-system' content='tesseract 3.04.00' />
  <meta name='ocr-capabilities' content='ocr_page ocr_carea ocr_par ocr_line ocrx_word'/>
</head>
<body>
  <div class='ocr_page' id='page_1' title='image "./commentatiocrit02karsgoog_0067.png"; bbox 0 0 3025 5067; ppageno 0'>
   <div class='ocr_carea' id='block_1_1' title="bbox 1304 400 1385 463">
    <p class='ocr_par' dir='ltr' id='par_1_1' title="bbox 1304 400 1385 463">
     <span class='ocr_line' id='line_1_1' title="bbox 1304 400 1385 463; baseline 0.012 -1"><span class='ocrx_word' id='word_1_1' title='bbox 1304 400 1385 463; x_wconf 82' lang='lat'><strong>47</strong></span> 
     </span>
    </p>
   </div>
   <div class='ocr_carea' id='block_1_2' title="bbox 333 602 2349 4232">
    <p class='ocr_par' dir='ltr' id='par_1_2' title="bbox 340 602 2349 1401">
     <span class='ocr_line' id='line_1_2' title="bbox 341 602 2349 689; baseline 0.002 -24"><span class='ocrx_word' id='word_1_2' title='bbox 341 606 443 665; x_wconf 83' lang='grc' dir='ltr'><strong>νῦν</strong></span> <span class='ocrx_word' id='word_1_3' title='bbox 485 602 804 681; x_wconf 89' lang='grc' dir='ltr'><strong><em>γεγονότων</em></strong></span> <span class='ocrx_word' id='word_1_4' title='bbox 849 603 1220 686; x_wconf 88' lang='grc' dir='ltr'><strong><em>πραγμάτων</em></strong></span> <span class='ocrx_word' id='word_1_5' title='bbox 1265 602 1394 684; x_wconf 73' lang='grc' dir='ltr'><strong><em>περὶ</em></strong></span> <span class='ocrx_word' id='word_1_6' title='bbox 1441 605 1655 669; x_wconf 82' lang='grc' dir='ltr'><strong><em>Δίωνα.</em></strong></span> <span class='ocrx_word' id='word_1_7' title='bbox 1701 626 1762 689; x_wconf 88' lang='lat' dir='ltr'><strong>p.</strong></span> <span class='ocrx_word' id='word_1_8' title='bbox 1796 607 1922 669; x_wconf 84' lang='lat'><strong>339</strong></span> <span class='ocrx_word' id='word_1_9' title='bbox 1956 603 2044 668; x_wconf 85' lang='lat' dir='ltr'><strong>O:</strong></span> <span class='ocrx_word' id='word_1_10' title='bbox 2079 604 2231 669; x_wconf 71' lang='grc' dir='ltr'><strong><em>οὐδέν</em></strong></span> <span class='ocrx_word' id='word_1_11' title='bbox 2264 628 2349 669; x_wconf 89' lang='grc' dir='ltr'><strong><em>σοι</em></strong></span> 
     </span>
     <span class='ocr_line' id='line_1_3' title="bbox 340 718 2347 803; baseline 0.002 -20"><span class='ocrx_word' id='word_1_12' title='bbox 340 726 458 784; x_wconf 76' lang='grc' dir='ltr'><strong>τῶν</strong></span> <span class='ocrx_word' id='word_1_13' title='bbox 517 721 642 801; x_wconf 83' lang='grc' dir='ltr'><strong><em>περὶ</em></strong></span> <span class='ocrx_word' id='word_1_14' title='bbox 708 722 903 787; x_wconf 77' lang='grc' dir='ltr'><strong><em>Δίωνα</em></strong></span> <span class='ocrx_word' id='word_1_15' title='bbox 931 718 1058 797; x_wconf 70' lang='grc' dir='ltr'><strong><em>’ἕξει</em></strong></span> <span class='ocrx_word' id='word_1_16' title='bbox 1104 722 1473 803; x_wconf 87' lang='grc' dir='ltr'><strong><em>πραγμάτων</em></strong></span> <span class='ocrx_word' id='word_1_17' title='bbox 1498 772 1513 787; x_wconf 94' lang='grc'><strong><em>.</em></strong></span> <span class='ocrx_word' id='word_1_18' title='bbox 1542 771 1557 787; x_wconf 92' lang='grc'><strong><em>.</em></strong></span> <span class='ocrx_word' id='word_1_19' title='bbox 1587 772 1601 787; x_wconf 93' lang='grc'><strong><em>.</em></strong></span> <span class='ocrx_word' id='word_1_20' title='bbox 1630 771 1645 787; x_wconf 97' lang='grc'><strong><em>.</em></strong></span> <span class='ocrx_word' id='word_1_21' title='bbox 1692 724 1855 789; x_wconf 69' lang='grc' dir='ltr'><strong><em>κατὰ</em></strong></span> <span class='ocrx_word' id='word_1_22' title='bbox 1899 728 2022 788; x_wconf 83' lang='grc' dir='ltr'><strong><em>νοῦν</em></strong></span> <span class='ocrx_word' id='word_1_23' title='bbox 2065 722 2347 799; x_wconf 83' lang='grc' dir='ltr'><strong><em>γιγνόμε-</em></strong></span> 
     </span>
     <span class='ocr_line' id='line_1_4' title="bbox 341 841 2347 925; baseline 0.001 -21"><span class='ocrx_word' id='word_1_24' title='bbox 341 863 452 905; x_wconf 91' lang='grc' dir='ltr'><strong><em>νον.</em></strong></span> <span class='ocrx_word' id='word_1_25' title='bbox 499 863 560 925; x_wconf 88' lang='lat' dir='ltr'><strong>p.</strong></span> <span class='ocrx_word' id='word_1_26' title='bbox 593 843 720 904; x_wconf 82' lang='lat'><strong>340</strong></span> <span class='ocrx_word' id='word_1_27' title='bbox 770 842 863 905; x_wconf 83' lang='lat' dir='ltr'><strong>A:</strong></span> <span class='ocrx_word' id='word_1_28' title='bbox 911 842 1081 907; x_wconf 74' lang='grc' dir='ltr'><strong><em>ἔδωκε</em></strong></span> <span class='ocrx_word' id='word_1_29' title='bbox 1123 867 1181 907; x_wconf 88' lang='grc' dir='ltr'><strong><em>τι</em></strong></span> <span class='ocrx_word' id='word_1_30' title='bbox 1226 843 1390 921; x_wconf 80' lang='grc' dir='ltr'><strong><em>μέρος</em></strong></span> <span class='ocrx_word' id='word_1_31' title='bbox 1437 842 1588 907; x_wconf 72' lang='grc' dir='ltr'><strong><em>αἰδοῖ</em></strong></span> <span class='ocrx_word' id='word_1_32' title='bbox 1625 848 1733 906; x_wconf 79' lang='grc' dir='ltr'><strong>τῶν</strong></span> <span class='ocrx_word' id='word_1_33' title='bbox 1764 842 1887 922; x_wconf 74' lang='grc' dir='ltr'><strong><em>περὶ</em></strong></span> <span class='ocrx_word' id='word_1_34' title='bbox 1926 843 2031 919; x_wconf 81' lang='grc' dir='ltr'><strong>ἐμὲ</strong></span> <span class='ocrx_word' id='word_1_35' title='bbox 2062 841 2347 921; x_wconf 87' lang='grc' dir='ltr'><strong><em>πραγμά-</em></strong></span> 
     </span>
     <span class='ocr_line' id='line_1_5' title="bbox 343 959 2346 1047; baseline 0 -24"><span class='ocrx_word' id='word_1_36' title='bbox 343 983 476 1023; x_wconf 88' lang='grc' dir='ltr'><strong><em>των.</em></strong></span> <span class='ocrx_word' id='word_1_37' title='bbox 524 965 586 1022; x_wconf 92' lang='lat' dir='ltr'><strong>et</strong></span> <span class='ocrx_word' id='word_1_38' title='bbox 630 960 816 1045; x_wconf 85' lang='lat' dir='ltr'><strong>paulo</strong></span> <span class='ocrx_word' id='word_1_39' title='bbox 861 968 1001 1047; x_wconf 90' lang='lat' dir='ltr'><strong>post</strong></span> <span class='ocrx_word' id='word_1_40' title='bbox 1044 960 1129 1023; x_wconf 89' lang='lat' dir='ltr'><strong>B:</strong></span> <span class='ocrx_word' id='word_1_41' title='bbox 1177 961 1453 1026; x_wconf 73' lang='grc' dir='ltr'><strong><em>δεικνύναι</em></strong></span> <span class='ocrx_word' id='word_1_42' title='bbox 1497 961 1566 1038; x_wconf 71' lang='grc' dir='ltr'><strong>δὴ</strong></span> <span class='ocrx_word' id='word_1_43' title='bbox 1610 961 1698 1026; x_wconf 77' lang='grc' dir='ltr'><strong>δεῖ</strong></span> <span class='ocrx_word' id='word_1_44' title='bbox 1735 968 1853 1032; x_wconf 85' lang='grc' dir='ltr'><strong><em>τοῖς</em></strong></span> <span class='ocrx_word' id='word_1_45' title='bbox 1890 961 2183 1041; x_wconf 83' lang='grc' dir='ltr'><strong><em>τοιούτοις,</em></strong></span> <span class='ocrx_word' id='word_1_46' title='bbox 2233 959 2265 1025; x_wconf 78' lang='grc' dir='ltr'><strong>δ’</strong></span> <span class='ocrx_word' id='word_1_47' title='bbox 2288 984 2346 1025; x_wconf 88' lang='grc' dir='ltr'><strong><em>τι</em></strong></span> 
     </span>
     <span class='ocr_line' id='line_1_6' title="bbox 343 1076 2342 1161; baseline -0.001 -19"><span class='ocrx_word' id='word_1_48' title='bbox 343 1076 466 1142; x_wconf 79' lang='grc' dir='ltr'><strong><em>ἔστι</em></strong></span> <span class='ocrx_word' id='word_1_49' title='bbox 512 1081 632 1143; x_wconf 71' lang='grc' dir='ltr'><strong>πᾶν</strong></span> <span class='ocrx_word' id='word_1_50' title='bbox 687 1079 752 1144; x_wconf 84' lang='grc' dir='ltr'><strong>τὸ</strong></span> <span class='ocrx_word' id='word_1_51' title='bbox 807 1084 1070 1161; x_wconf 71' lang='grc' dir='ltr'><strong><em>πρᾶγμα</em></strong></span> <span class='ocrx_word' id='word_1_52' title='bbox 1129 1076 1236 1145; x_wconf 85' lang='grc' dir='ltr'><strong><em>οἷόν</em></strong></span> <span class='ocrx_word' id='word_1_53' title='bbox 1294 1104 1362 1145; x_wconf 87' lang='grc' dir='ltr'><strong>τε</strong></span> <span class='ocrx_word' id='word_1_54' title='bbox 1407 1081 1504 1145; x_wconf 79' lang='grc' dir='ltr'><strong><em>καὶ</em></strong></span> <span class='ocrx_word' id='word_1_55' title='bbox 1550 1080 1617 1145; x_wconf 82' lang='grc' dir='ltr'><strong>δι’</strong></span> <span class='ocrx_word' id='word_1_56' title='bbox 1660 1076 1799 1145; x_wconf 73' lang='grc' dir='ltr'><strong><em>ὅσων</em></strong></span> <span class='ocrx_word' id='word_1_57' title='bbox 1837 1078 2207 1160; x_wconf 72' lang='grc' dir='ltr'><strong><em>πραγμάτων</em></strong></span> <span class='ocrx_word' id='word_1_58' title='bbox 2244 1077 2342 1142; x_wconf 81' lang='grc' dir='ltr'><strong><em>καὶ</em></strong></span> 
     </span>
     <span class='ocr_line' id='line_1_7' title="bbox 343 1195 2345 1279; baseline 0 -19"><span class='ocrx_word' id='word_1_59' title='bbox 343 1195 468 1261; x_wconf 72' lang='grc' dir='ltr'><strong><em>ὅσον</em></strong></span> <span class='ocrx_word' id='word_1_60' title='bbox 533 1196 698 1263; x_wconf 83' lang='grc' dir='ltr'><strong><em>πόνον</em></strong></span> <span class='ocrx_word' id='word_1_61' title='bbox 759 1199 884 1279; x_wconf 83' lang='grc' dir='ltr'><strong><em>ἔχει</em></strong></span> <span class='ocrx_word' id='word_1_62' title='bbox 901 1248 920 1278; x_wconf 89' lang='grc'><strong><em>,</em></strong></span> <span class='ocrx_word' id='word_1_63' title='bbox 985 1198 1094 1263; x_wconf 91' lang='lat' dir='ltr'><strong>ubi</strong></span> <span class='ocrx_word' id='word_1_64' title='bbox 1147 1199 1220 1263; x_wconf 74' lang='grc' dir='ltr'><strong>δι’</strong></span> <span class='ocrx_word' id='word_1_65' title='bbox 1260 1198 1400 1263; x_wconf 75' lang='grc' dir='ltr'><strong><em>ὅσων</em></strong></span> <span class='ocrx_word' id='word_1_66' title='bbox 1452 1198 1824 1278; x_wconf 81' lang='grc' dir='ltr'><strong><em>πραγμάτων</em></strong></span> <span class='ocrx_word' id='word_1_67' title='bbox 1878 1206 1940 1261; x_wconf 87' lang='lat' dir='ltr'><strong>et</strong></span> <span class='ocrx_word' id='word_1_68' title='bbox 2006 1195 2131 1262; x_wconf 78' lang='grc' dir='ltr'><strong><em>ὅσον</em></strong></span> <span class='ocrx_word' id='word_1_69' title='bbox 2182 1196 2345 1262; x_wconf 83' lang='grc' dir='ltr'><strong><em>πόνον</em></strong></span> 
     </span>
     <span class='ocr_line' id='line_1_8' title="bbox 344 1312 1218 1401; baseline 0.005 -24"><span class='ocrx_word' id='word_1_70' title='bbox 344 1312 472 1394; x_wconf 80' lang='grc' dir='ltr'><strong><em>ἔχει</em></strong></span> <span class='ocrx_word' id='word_1_71' title='bbox 517 1338 682 1379; x_wconf 89' lang='lat' dir='ltr'><strong>mera</strong></span> <span class='ocrx_word' id='word_1_72' title='bbox 727 1323 818 1379; x_wconf 83' lang='lat' dir='ltr'><strong>est</strong></span> <span class='ocrx_word' id='word_1_73' title='bbox 862 1316 1218 1401; x_wconf 77' lang='lat' dir='ltr'><strong>tautologia.</strong></span> 
     </span>
    </p>

    <p class='ocr_par' dir='ltr' id='par_1_3' title="bbox 340 1432 2345 1994">
     <span class='ocr_line' id='line_1_9' title="bbox 432 1432 2345 1500; baseline -0.001 -3"><span class='ocrx_word' id='word_1_74' title='bbox 432 1432 670 1497; x_wconf 80' lang='lat' dir='ltr'><strong>Deinde</strong></span> <span class='ocrx_word' id='word_1_75' title='bbox 714 1436 1084 1500; x_wconf 81' lang='lat' dir='ltr'><strong>mentionem</strong></span> <span class='ocrx_word' id='word_1_76' title='bbox 1127 1436 1273 1500; x_wconf 85' lang='lat' dir='ltr'><strong>facit</strong></span> <span class='ocrx_word' id='word_1_77' title='bbox 1315 1458 1518 1499; x_wconf 88' lang='lat' dir='ltr'><strong>rerum</strong></span> <span class='ocrx_word' id='word_1_78' title='bbox 1560 1434 2053 1499; x_wconf 81' lang='lat' dir='ltr'><strong>commutationis</strong></span> <span class='ocrx_word' id='word_1_79' title='bbox 2084 1432 2345 1497; x_wconf 81' lang='lat' dir='ltr'><strong>Athenis</strong></span> 
     </span>
     <span class='ocr_line' id='line_1_10' title="bbox 343 1551 2345 1639; baseline 0 -25"><span class='ocrx_word' id='word_1_80' title='bbox 343 1551 536 1615; x_wconf 83' lang='lat' dir='ltr'><strong>factae</strong></span> <span class='ocrx_word' id='word_1_81' title='bbox 552 1602 570 1629; x_wconf 93' lang='lat'>‚</span> <span class='ocrx_word' id='word_1_82' title='bbox 619 1553 969 1617; x_wconf 87' lang='lat' dir='ltr'><strong>constitutis</strong></span> <span class='ocrx_word' id='word_1_83' title='bbox 1024 1554 1278 1638; x_wconf 86' lang='lat' dir='ltr'><strong>triginta</strong></span> <span class='ocrx_word' id='word_1_84' title='bbox 1331 1554 1641 1639; x_wconf 77' lang='lat' dir='ltr'><strong>tyranni83</strong></span> <span class='ocrx_word' id='word_1_85' title='bbox 1710 1554 1777 1617; x_wconf 90' lang='lat' dir='ltr'><strong>in</strong></span> <span class='ocrx_word' id='word_1_86' title='bbox 1822 1552 2045 1636; x_wconf 90' lang='lat' dir='ltr'><strong>quibus</strong></span> <span class='ocrx_word' id='word_1_87' title='bbox 2092 1573 2345 1615; x_wconf 90' lang='lat' dir='ltr'><strong>comme-</strong></span> 
     </span>
     <span class='ocr_line' id='line_1_11' title="bbox 340 1669 2341 1755; baseline 0 -22"><span class='ocrx_word' id='word_1_88' title='bbox 340 1669 648 1734; x_wconf 78' lang='lat' dir='ltr'><strong>morandis</strong></span> <span class='ocrx_word' id='word_1_89' title='bbox 709 1693 861 1755; x_wconf 86' lang='lat' dir='ltr'><strong>quae</strong></span> <span class='ocrx_word' id='word_1_90' title='bbox 908 1672 983 1736; x_wconf 90' lang='lat' dir='ltr'><strong>de</strong></span> <span class='ocrx_word' id='word_1_91' title='bbox 1029 1673 1288 1737; x_wconf 87' lang='lat' dir='ltr'><strong>civitatis</strong></span> <span class='ocrx_word' id='word_1_92' title='bbox 1335 1679 1501 1736; x_wconf 86' lang='lat' dir='ltr'><strong>statu</strong></span> <span class='ocrx_word' id='word_1_93' title='bbox 1560 1679 1766 1735; x_wconf 83' lang='lat' dir='ltr'><strong>narrat</strong></span> <span class='ocrx_word' id='word_1_94' title='bbox 1821 1670 2117 1735; x_wconf 88' lang='lat' dir='ltr'><strong>eiusmodi</strong></span> <span class='ocrx_word' id='word_1_95' title='bbox 2162 1676 2308 1733; x_wconf 88' lang='lat' dir='ltr'><strong>sunt</strong></span> <span class='ocrx_word' id='word_1_96' title='bbox 2322 1719 2341 1747; x_wconf 90' lang='lat'><em>,</em></span> 
     </span>
     <span class='ocr_line' id='line_1_12' title="bbox 342 1788 2344 1877; baseline 0 -26"><span class='ocrx_word' id='word_1_97' title='bbox 342 1797 416 1852; x_wconf 88' lang='lat' dir='ltr'><strong>ut</strong></span> <span class='ocrx_word' id='word_1_98' title='bbox 459 1789 700 1854; x_wconf 86' lang='lat' dir='ltr'><strong>dubites</strong></span> <span class='ocrx_word' id='word_1_99' title='bbox 747 1812 894 1855; x_wconf 90' lang='lat' dir='ltr'><strong>num</strong></span> <span class='ocrx_word' id='word_1_100' title='bbox 941 1793 1197 1877; x_wconf 82' lang='lat' dir='ltr'><strong>scriptor</strong></span> <span class='ocrx_word' id='word_1_101' title='bbox 1241 1815 1312 1855; x_wconf 90' lang='lat' dir='ltr'><strong>ea</strong></span> <span class='ocrx_word' id='word_1_102' title='bbox 1357 1791 1542 1876; x_wconf 86' lang='lat' dir='ltr'><strong>probe</strong></span> <span class='ocrx_word' id='word_1_103' title='bbox 1588 1790 1832 1874; x_wconf 88' lang='lat' dir='ltr'><strong>cognita</strong></span> <span class='ocrx_word' id='word_1_104' title='bbox 1878 1789 2180 1854; x_wconf 85' lang='lat' dir='ltr'><strong>habuerit.</strong></span> <span class='ocrx_word' id='word_1_105' title='bbox 2249 1788 2344 1852; x_wconf 91' lang='lat' dir='ltr'><strong>De</strong></span> 
     </span>
     <span class='ocr_line' id='line_1_13' title="bbox 341 1909 1825 1994; baseline 0.001 -23"><span class='ocrx_word' id='word_1_106' title='bbox 341 1930 465 1991; x_wconf 89' lang='lat' dir='ltr'><strong>quo</strong></span> <span class='ocrx_word' id='word_1_107' title='bbox 508 1909 685 1973; x_wconf 85' lang='lat' dir='ltr'><strong>infra.</strong></span> <span class='ocrx_word' id='word_1_108' title='bbox 776 1910 934 1974; x_wconf 74' lang='lat' dir='ltr'><strong>&#39;Pum</strong></span> <span class='ocrx_word' id='word_1_109' title='bbox 981 1918 1184 1975; x_wconf 87' lang='lat' dir='ltr'><strong>autem</strong></span> <span class='ocrx_word' id='word_1_110' title='bbox 1230 1910 1306 1975; x_wconf 92' lang='lat' dir='ltr'><strong>de</strong></span> <span class='ocrx_word' id='word_1_111' title='bbox 1353 1933 1416 1973; x_wconf 91' lang='lat' dir='ltr'><strong>se</strong></span> <span class='ocrx_word' id='word_1_112' title='bbox 1463 1910 1550 1973; x_wconf 88' lang='lat' dir='ltr'><strong>ita</strong></span> <span class='ocrx_word' id='word_1_113' title='bbox 1593 1910 1825 1994; x_wconf 85' lang='lat' dir='ltr'><strong>pergit:</strong></span> 
     </span>
    </p>

    <p class='ocr_par' dir='ltr' id='par_1_4' title="bbox 333 2027 2346 2701">
     <span class='ocr_line' id='line_1_14' title="bbox 431 2027 2344 2108; baseline -0.002 -16"><span class='ocrx_word' id='word_1_114' title='bbox 431 2029 644 2093; x_wconf 83' lang='grc' dir='ltr'><strong><em>τούτων</em></strong></span> <span class='ocrx_word' id='word_1_115' title='bbox 703 2030 770 2105; x_wconf 76' lang='grc' dir='ltr'><strong>δή</strong></span> <span class='ocrx_word' id='word_1_116' title='bbox 799 2054 946 2102; x_wconf 86' lang='grc' dir='ltr'><strong><em>τινες</em></strong></span> <span class='ocrx_word' id='word_1_117' title='bbox 1006 2031 1192 2095; x_wconf 77' lang='grc' dir='ltr'><strong><em>οἰκεῖοί</em></strong></span> <span class='ocrx_word' id='word_1_118' title='bbox 1247 2055 1316 2094; x_wconf 84' lang='grc' dir='ltr'><strong>τε</strong></span> <span class='ocrx_word' id='word_1_119' title='bbox 1359 2028 1515 2101; x_wconf 80' lang='grc' dir='ltr'><strong><em>ὄντες</em></strong></span> <span class='ocrx_word' id='word_1_120' title='bbox 1560 2030 1659 2093; x_wconf 79' lang='grc' dir='ltr'><strong><em>καὶ</em></strong></span> <span class='ocrx_word' id='word_1_121' title='bbox 1706 2028 1969 2108; x_wconf 76' lang='grc' dir='ltr'><strong><em>γνώριμοι</em></strong></span> <span class='ocrx_word' id='word_1_122' title='bbox 2014 2027 2344 2107; x_wconf 81' lang='grc' dir='ltr'><strong><em>ἐτύγχανον</em></strong></span> 
     </span>
     <span class='ocr_line' id='line_1_15' title="bbox 343 2143 2346 2228; baseline 0 -20"><span class='ocrx_word' id='word_1_123' title='bbox 343 2145 466 2221; x_wconf 73' lang='grc' dir='ltr'><strong><em>ἐμοὶ</em></strong></span> <span class='ocrx_word' id='word_1_124' title='bbox 485 2196 504 2228; x_wconf 86' lang='lat'><em>‚</em></span> <span class='ocrx_word' id='word_1_125' title='bbox 537 2147 636 2210; x_wconf 74' lang='grc' dir='ltr'><strong><em>καὶ</em></strong></span> <span class='ocrx_word' id='word_1_126' title='bbox 684 2146 750 2221; x_wconf 70' lang='grc' dir='ltr'><strong>δὴ</strong></span> <span class='ocrx_word' id='word_1_127' title='bbox 793 2147 890 2211; x_wconf 77' lang='grc' dir='ltr'><strong><em>καὶ</em></strong></span> <span class='ocrx_word' id='word_1_128' title='bbox 939 2148 1297 2227; x_wconf 77' lang='grc' dir='ltr'><strong><em>παρεκάλουν</em></strong></span> <span class='ocrx_word' id='word_1_129' title='bbox 1342 2146 1500 2218; x_wconf 80' lang='grc' dir='ltr'><strong><em>εὐθύς</em></strong></span> <span class='ocrx_word' id='word_1_130' title='bbox 1546 2148 1619 2218; x_wconf 80' lang='grc' dir='ltr'><strong>ὥς</strong></span> <span class='ocrx_word' id='word_1_131' title='bbox 1664 2145 1758 2210; x_wconf 75' lang='grc' dir='ltr'><strong>ἐπὶ</strong></span> <span class='ocrx_word' id='word_1_132' title='bbox 1806 2145 2159 2223; x_wconf 78' lang='grc' dir='ltr'><strong><em>προσήκοντα</em></strong></span> <span class='ocrx_word' id='word_1_133' title='bbox 2202 2143 2346 2224; x_wconf 87' lang='grc' dir='ltr'><strong><em>πρά·</em></strong></span> 
     </span>
     <span class='ocr_line' id='line_1_16' title="bbox 341 2261 2340 2343; baseline -0.001 -16"><span class='ocrx_word' id='word_1_134' title='bbox 341 2287 564 2341; x_wconf 86' lang='grc' dir='ltr'><strong><em>γματα</em></strong></span> <span class='ocrx_word' id='word_1_135' title='bbox 600 2263 698 2342; x_wconf 84' lang='grc' dir='ltr'><strong><em>με’.</em></strong></span> <span class='ocrx_word' id='word_1_136' title='bbox 789 2265 900 2330; x_wconf 77' lang='grc' dir='ltr'><strong><em>Καὶ</em></strong></span> <span class='ocrx_word' id='word_1_137' title='bbox 949 2266 1063 2341; x_wconf 79' lang='grc' dir='ltr'><strong>ἐγὼ</strong></span> <span class='ocrx_word' id='word_1_138' title='bbox 1103 2264 1437 2342; x_wconf 84' lang='grc' dir='ltr'><strong><em>θαυμαστὸν</em></strong></span> <span class='ocrx_word' id='word_1_139' title='bbox 1480 2263 1633 2328; x_wconf 80' lang='grc' dir='ltr'><strong><em>οὐδὲν</em></strong></span> <span class='ocrx_word' id='word_1_140' title='bbox 1677 2262 1884 2329; x_wconf 73' lang='grc' dir='ltr'><strong><em>ἔπαθον</em></strong></span> <span class='ocrx_word' id='word_1_141' title='bbox 1916 2261 2024 2326; x_wconf 83' lang='grc' dir='ltr'><strong>ὑπὸ</strong></span> <span class='ocrx_word' id='word_1_142' title='bbox 2054 2261 2340 2343; x_wconf 79' lang='grc' dir='ltr'><strong><em>νεότητος,</em></strong></span> 
     </span>
     <span class='ocr_line' id='line_1_17' title="bbox 335 2378 2344 2463; baseline -0.001 -17"><span class='ocrx_word' id='word_1_143' title='bbox 335 2382 517 2463; x_wconf 77' lang='grc' dir='ltr'><strong><em>ᾠήθην</em></strong></span> <span class='ocrx_word' id='word_1_144' title='bbox 575 2382 693 2461; x_wconf 73' lang='grc' dir='ltr'><strong>γάρ</strong></span> <span class='ocrx_word' id='word_1_145' title='bbox 745 2385 954 2455; x_wconf 83' lang='grc' dir='ltr'><strong><em>αὐτοὺς</em></strong></span> <span class='ocrx_word' id='word_1_146' title='bbox 1008 2384 1072 2448; x_wconf 83' lang='grc' dir='ltr'><strong>ἔκ</strong></span> <span class='ocrx_word' id='word_1_147' title='bbox 1123 2407 1267 2455; x_wconf 86' lang='grc' dir='ltr'><strong><em>τινος</em></strong></span> <span class='ocrx_word' id='word_1_148' title='bbox 1318 2382 1512 2447; x_wconf 77' lang='grc' dir='ltr'><strong><em>άδίκου</em></strong></span> <span class='ocrx_word' id='word_1_149' title='bbox 1560 2381 1689 2458; x_wconf 74' lang='grc' dir='ltr'><strong><em>βίον</em></strong></span> <span class='ocrx_word' id='word_1_150' title='bbox 1734 2380 1832 2445; x_wconf 81' lang='grc' dir='ltr'><strong>ἐπὶ</strong></span> <span class='ocrx_word' id='word_1_151' title='bbox 1880 2380 2089 2446; x_wconf 76' lang='grc' dir='ltr'><strong><em>δίκαιον</em></strong></span> <span class='ocrx_word' id='word_1_152' title='bbox 2142 2378 2344 2459; x_wconf 90' lang='grc' dir='ltr'><strong><em>τρόπον</em></strong></span> 
     </span>
     <span class='ocr_line' id='line_1_18' title="bbox 335 2497 2345 2584; baseline -0.001 -20"><span class='ocrx_word' id='word_1_153' title='bbox 335 2498 603 2578; x_wconf 77' lang='grc' dir='ltr'><strong><em>ἄγοντας</em></strong></span> <span class='ocrx_word' id='word_1_154' title='bbox 648 2503 936 2579; x_wconf 76' lang='grc' dir='ltr'><strong><em>διοικήσειν</em></strong></span> <span class='ocrx_word' id='word_1_155' title='bbox 981 2504 1046 2578; x_wconf 66' lang='grc' dir='ltr'><strong>δὴ</strong></span> <span class='ocrx_word' id='word_1_156' title='bbox 1089 2505 1192 2578; x_wconf 69' lang='grc' dir='ltr'><strong>τὴν</strong></span> <span class='ocrx_word' id='word_1_157' title='bbox 1237 2501 1403 2568; x_wconf 81' lang='grc' dir='ltr'><strong><em>πόλιν</em></strong></span> <span class='ocrx_word' id='word_1_158' title='bbox 1419 2552 1436 2584; x_wconf 87' lang='grc'>,</span> <span class='ocrx_word' id='word_1_159' title='bbox 1481 2499 1631 2567; x_wconf 76' lang='grc' dir='ltr'><strong><em>ὥστε</em></strong></span> <span class='ocrx_word' id='word_1_160' title='bbox 1675 2504 1869 2573; x_wconf 81' lang='grc' dir='ltr'><strong><em>αὐτοῖς</em></strong></span> <span class='ocrx_word' id='word_1_161' title='bbox 1914 2497 2136 2582; x_wconf 76' lang='grc' dir='ltr'><strong><em>σφόδρα</em></strong></span> <span class='ocrx_word' id='word_1_162' title='bbox 2180 2521 2345 2579; x_wconf 87' lang='grc' dir='ltr'><strong><em>προσ-</em></strong></span> 
     </span>
     <span class='ocr_line' id='line_1_19' title="bbox 333 2620 1233 2701; baseline 0.004 -18"><span class='ocrx_word' id='word_1_163' title='bbox 333 2628 500 2700; x_wconf 80' lang='grc' dir='ltr'><strong><em>εῖχον</em></strong></span> <span class='ocrx_word' id='word_1_164' title='bbox 543 2621 641 2685; x_wconf 81' lang='grc' dir='ltr'><strong>τὸν</strong></span> <span class='ocrx_word' id='word_1_165' title='bbox 684 2628 806 2687; x_wconf 80' lang='grc' dir='ltr'><strong><em>νοῦν</em></strong></span> <span class='ocrx_word' id='word_1_166' title='bbox 848 2622 910 2686; x_wconf 86' lang='grc' dir='ltr'><strong>τί</strong></span> <span class='ocrx_word' id='word_1_167' title='bbox 953 2620 1233 2701; x_wconf 79' lang='grc' dir='ltr'><strong><em>πράξοιεν.</em></strong></span> 
     </span>
    </p>

    <p class='ocr_par' dir='ltr' id='par_1_5' title="bbox 333 2736 2343 4232">
     <span class='ocr_line' id='line_1_20' title="bbox 428 2736 2342 2823; baseline -0.001 -22"><span class='ocrx_word' id='word_1_168' title='bbox 428 2738 548 2801; x_wconf 90' lang='lat' dir='ltr'><strong>Pro</strong></span> <span class='ocrx_word' id='word_1_169' title='bbox 593 2741 667 2810; x_wconf 71' lang='grc' dir='ltr'><strong>ὥς</strong></span> <span class='ocrx_word' id='word_1_170' title='bbox 712 2739 807 2804; x_wconf 79' lang='grc' dir='ltr'><strong>ἐπὶ</strong></span> <span class='ocrx_word' id='word_1_171' title='bbox 854 2741 1207 2823; x_wconf 75' lang='grc' dir='ltr'><strong><em>προσήκοντα</em></strong></span> <span class='ocrx_word' id='word_1_172' title='bbox 1253 2738 1595 2819; x_wconf 85' lang='grc' dir='ltr'><strong><em>πράγματα</em></strong></span> <span class='ocrx_word' id='word_1_173' title='bbox 1636 2739 1714 2816; x_wconf 85' lang='grc' dir='ltr'><strong>μέ</strong></span> <span class='ocrx_word' id='word_1_174' title='bbox 1759 2738 1955 2802; x_wconf 85' lang='lat' dir='ltr'><strong>dicere</strong></span> <span class='ocrx_word' id='word_1_175' title='bbox 1995 2736 2235 2814; x_wconf 85' lang='lat' dir='ltr'><strong>debuit,</strong></span> <span class='ocrx_word' id='word_1_176' title='bbox 2276 2736 2342 2799; x_wconf 91' lang='lat' dir='ltr'><strong>id</strong></span> 
     </span>
     <span class='ocr_line' id='line_1_21' title="bbox 333 2838 2343 2941; baseline 0 -20"><span class='ocrx_word' id='word_1_177' title='bbox 333 2857 506 2941; x_wconf 90' lang='lat' dir='ltr'><strong>quod</strong></span> <span class='ocrx_word' id='word_1_178' title='bbox 550 2858 747 2923; x_wconf 83' lang='lat' dir='ltr'><strong>voluit</strong></span> <span class='ocrx_word' id='word_1_179' title='bbox 760 2909 779 2937; x_wconf 89' lang='lat'><em>,</em></span> <span class='ocrx_word' id='word_1_180' title='bbox 828 2858 1188 2940; x_wconf 76' lang='grc' dir='ltr'><strong><em>παρεκάλουν</em></strong></span> <span class='ocrx_word' id='word_1_181' title='bbox 1231 2861 1338 2937; x_wconf 81' lang='grc' dir='ltr'><strong>ἐμὲ</strong></span> <span class='ocrx_word' id='word_1_182' title='bbox 1380 2862 1454 2931; x_wconf 79' lang='grc' dir='ltr'><strong>ὥς</strong></span> <span class='ocrx_word' id='word_1_183' title='bbox 1499 2838 1846 2938; x_wconf 63' lang='grc' dir='ltr'><strong><em>προς-ἥκοντα</em></strong></span> <span class='ocrx_word' id='word_1_184' title='bbox 1889 2858 1983 2922; x_wconf 75' lang='grc' dir='ltr'><strong>ἐπὶ</strong></span> <span class='ocrx_word' id='word_1_185' title='bbox 2031 2857 2111 2921; x_wconf 74' lang='grc' dir='ltr'><strong>τὰ</strong></span> <span class='ocrx_word' id='word_1_186' title='bbox 2152 2856 2343 2933; x_wconf 86' lang='grc' dir='ltr'><strong><em>πράγ-</em></strong></span> 
     </span>
     <span class='ocr_line' id='line_1_22' title="bbox 335 2974 2343 3064; baseline -0 -25"><span class='ocrx_word' id='word_1_187' title='bbox 335 3000 534 3053; x_wconf 87' lang='grc' dir='ltr'><strong><em>ματα.</em></strong></span> <span class='ocrx_word' id='word_1_188' title='bbox 636 2976 954 3043; x_wconf 83' lang='lat' dir='ltr'><strong>Platonem</strong></span> <span class='ocrx_word' id='word_1_189' title='bbox 1021 2980 1180 3044; x_wconf 90' lang='lat' dir='ltr'><strong>enim</strong></span> <span class='ocrx_word' id='word_1_190' title='bbox 1259 2979 1336 3043; x_wconf 89' lang='lat' dir='ltr'><strong>ad</strong></span> <span class='ocrx_word' id='word_1_191' title='bbox 1409 2977 1657 3064; x_wconf 90' lang='lat' dir='ltr'><strong>publica</strong></span> <span class='ocrx_word' id='word_1_192' title='bbox 1736 2976 1981 3061; x_wconf 86' lang='lat' dir='ltr'><strong>negotia</strong></span> <span class='ocrx_word' id='word_1_193' title='bbox 2044 2974 2343 3041; x_wconf 84' lang='lat' dir='ltr'><strong>vocabant</strong></span> 
     </span>
     <span class='ocr_line' id='line_1_23' title="bbox 337 3094 2340 3183; baseline -0 -26"><span class='ocrx_word' id='word_1_194' title='bbox 337 3094 664 3179; x_wconf 84' lang='lat' dir='ltr'><strong>optimates</strong></span> <span class='ocrx_word' id='word_1_195' title='bbox 709 3098 1036 3182; x_wconf 85' lang='lat' dir='ltr'><strong>propinqui</strong></span> <span class='ocrx_word' id='word_1_196' title='bbox 1082 3104 1155 3161; x_wconf 90' lang='lat' dir='ltr'><strong>ut</strong></span> <span class='ocrx_word' id='word_1_197' title='bbox 1197 3098 1611 3183; x_wconf 89' lang='lat' dir='ltr'><strong>propinquum</strong></span> <span class='ocrx_word' id='word_1_198' title='bbox 1649 3098 1743 3181; x_wconf 77' lang='grc' dir='ltr'><strong>(ὥς</strong></span> <span class='ocrx_word' id='word_1_199' title='bbox 1774 3095 2170 3175; x_wconf 78' lang='grc' dir='ltr'><strong><em>προσήκοντα),</em></strong></span> <span class='ocrx_word' id='word_1_200' title='bbox 2216 3115 2340 3157; x_wconf 91' lang='lat' dir='ltr'><strong>non</strong></span> 
     </span>
     <span class='ocr_line' id='line_1_24' title="bbox 335 3211 2342 3300; baseline -0.001 -24"><span class='ocrx_word' id='word_1_201' title='bbox 335 3220 414 3277; x_wconf 89' lang='lat' dir='ltr'><strong>ut</strong></span> <span class='ocrx_word' id='word_1_202' title='bbox 459 3214 642 3277; x_wconf 85' lang='lat' dir='ltr'><strong>talem</strong></span> <span class='ocrx_word' id='word_1_203' title='bbox 687 3215 787 3278; x_wconf 88' lang='lat' dir='ltr'><strong>cui</strong></span> <span class='ocrx_word' id='word_1_204' title='bbox 838 3216 1082 3300; x_wconf 86' lang='lat' dir='ltr'><strong>negotia</strong></span> <span class='ocrx_word' id='word_1_205' title='bbox 1132 3215 1240 3279; x_wconf 81' lang='lat' dir='ltr'><strong>illa</strong></span> <span class='ocrx_word' id='word_1_206' title='bbox 1290 3217 1547 3281; x_wconf 80' lang='lat' dir='ltr'><strong>maxime</strong></span> <span class='ocrx_word' id='word_1_207' title='bbox 1592 3215 1999 3280; x_wconf 83' lang='lat' dir='ltr'><strong>convenirent.</strong></span> <span class='ocrx_word' id='word_1_208' title='bbox 2093 3211 2170 3275; x_wconf 87' lang='lat' dir='ltr'><strong>In</strong></span> <span class='ocrx_word' id='word_1_209' title='bbox 2214 3232 2342 3275; x_wconf 82' lang='lat' dir='ltr'><strong>ver-</strong></span> 
     </span>
     <span class='ocr_line' id='line_1_25' title="bbox 337 3329 2340 3419; baseline -0.001 -24"><span class='ocrx_word' id='word_1_210' title='bbox 337 3332 435 3395; x_wconf 88' lang='lat' dir='ltr'><strong>bis</strong></span> <span class='ocrx_word' id='word_1_211' title='bbox 495 3332 560 3398; x_wconf 82' lang='grc' dir='ltr'><strong>ἔκ</strong></span> <span class='ocrx_word' id='word_1_212' title='bbox 613 3358 757 3406; x_wconf 86' lang='grc' dir='ltr'><strong><em>τινος</em></strong></span> <span class='ocrx_word' id='word_1_213' title='bbox 809 3335 1003 3399; x_wconf 61' lang='lat' dir='ltr'><strong>daim</strong></span> <span class='ocrx_word' id='word_1_214' title='bbox 1053 3334 1186 3412; x_wconf 81' lang='grc' dir='ltr'><strong><em>βίον</em></strong></span> <span class='ocrx_word' id='word_1_215' title='bbox 1229 3336 1367 3419; x_wconf 90' lang='lat' dir='ltr'><strong>quis</strong></span> <span class='ocrx_word' id='word_1_216' title='bbox 1411 3358 1537 3400; x_wconf 91' lang='lat' dir='ltr'><strong>non</strong></span> <span class='ocrx_word' id='word_1_217' title='bbox 1584 3334 1768 3398; x_wconf 87' lang='lat' dir='ltr'><strong>sentit</strong></span> <span class='ocrx_word' id='word_1_218' title='bbox 1812 3334 2015 3417; x_wconf 87' lang='lat' dir='ltr'><strong>inepte</strong></span> <span class='ocrx_word' id='word_1_219' title='bbox 2062 3329 2340 3393; x_wconf 87' lang='lat' dir='ltr'><strong>additum</strong></span> 
     </span>
     <span class='ocr_line' id='line_1_26' title="bbox 333 3446 2338 3537; baseline -0.001 -25"><span class='ocrx_word' id='word_1_220' title='bbox 333 3448 498 3512; x_wconf 90' lang='lat' dir='ltr'><strong>illud</strong></span> <span class='ocrx_word' id='word_1_221' title='bbox 541 3450 730 3523; x_wconf 73' lang='grc' dir='ltr'><strong>τινοςῖ&gt;</strong></span> <span class='ocrx_word' id='word_1_222' title='bbox 773 3450 1100 3535; x_wconf 85' lang='lat' dir='ltr'><strong>Eleganter</strong></span> <span class='ocrx_word' id='word_1_223' title='bbox 1145 3474 1319 3537; x_wconf 85' lang='lat' dir='ltr'><strong>saepe</strong></span> <span class='ocrx_word' id='word_1_224' title='bbox 1365 3451 1613 3515; x_wconf 86' lang='lat' dir='ltr'><strong>additur</strong></span> <span class='ocrx_word' id='word_1_225' title='bbox 1657 3473 1797 3515; x_wconf 91' lang='lat' dir='ltr'><strong>cum</strong></span> <span class='ocrx_word' id='word_1_226' title='bbox 1842 3450 1903 3513; x_wconf 83' lang='lat' dir='ltr'><strong>vi</strong></span> <span class='ocrx_word' id='word_1_227' title='bbox 1946 3446 2304 3513; x_wconf 87' lang='lat' dir='ltr'><strong>intendendi</strong></span> <span class='ocrx_word' id='word_1_228' title='bbox 2320 3496 2338 3523; x_wconf 95' lang='lat'><strong><em>,</em></strong></span> 
     </span>
     <span class='ocr_line' id='line_1_27' title="bbox 336 3565 2339 3654; baseline -0.001 -23"><span class='ocrx_word' id='word_1_229' title='bbox 336 3568 568 3633; x_wconf 85' lang='lat' dir='ltr'><strong>talibus</strong></span> <span class='ocrx_word' id='word_1_230' title='bbox 628 3570 918 3634; x_wconf 89' lang='lat' dir='ltr'><strong>nimirum</strong></span> <span class='ocrx_word' id='word_1_231' title='bbox 979 3570 1288 3634; x_wconf 80' lang='lat' dir='ltr'><strong>vocabulis</strong></span> <span class='ocrx_word' id='word_1_232' title='bbox 1349 3592 1611 3654; x_wconf 88' lang='lat' dir='ltr'><strong>quorum</strong></span> <span class='ocrx_word' id='word_1_233' title='bbox 1673 3570 1899 3654; x_wconf 85' lang='lat' dir='ltr'><strong>species</strong></span> <span class='ocrx_word' id='word_1_234' title='bbox 1961 3568 2055 3631; x_wconf 88' lang='lat' dir='ltr'><strong>vel</strong></span> <span class='ocrx_word' id='word_1_235' title='bbox 2114 3565 2339 3651; x_wconf 85' lang='lat' dir='ltr'><strong>gradus</strong></span> 
     </span>
     <span class='ocr_line' id='line_1_28' title="bbox 337 3683 2337 3771; baseline -0.001 -22"><span class='ocrx_word' id='word_1_236' title='bbox 337 3686 534 3771; x_wconf 87' lang='lat' dir='ltr'><strong>aliqui</strong></span> <span class='ocrx_word' id='word_1_237' title='bbox 577 3709 708 3751; x_wconf 87' lang='lat' dir='ltr'><strong>esse</strong></span> <span class='ocrx_word' id='word_1_238' title='bbox 751 3693 1008 3771; x_wconf 86' lang='lat' dir='ltr'><strong>possunt</strong></span> <span class='ocrx_word' id='word_1_239' title='bbox 1022 3737 1040 3765; x_wconf 88' lang='lat'><strong><em>,</em></strong></span> <span class='ocrx_word' id='word_1_240' title='bbox 1086 3694 1159 3751; x_wconf 87' lang='lat' dir='ltr'><strong>ut</strong></span> <span class='ocrx_word' id='word_1_241' title='bbox 1201 3687 1518 3768; x_wconf 77' lang='grc' dir='ltr'><strong><em>άμήχανός</em></strong></span> <span class='ocrx_word' id='word_1_242' title='bbox 1561 3712 1675 3761; x_wconf 83' lang='grc' dir='ltr'><strong><em>τις,</em></strong></span> <span class='ocrx_word' id='word_1_243' title='bbox 1712 3685 1943 3768; x_wconf 77' lang='grc' dir='ltr'><strong><em>φαῦλός</em></strong></span> <span class='ocrx_word' id='word_1_244' title='bbox 1973 3710 2087 3765; x_wconf 85' lang='grc' dir='ltr'><strong><em>τις,</em></strong></span> <span class='ocrx_word' id='word_1_245' title='bbox 2120 3683 2337 3754; x_wconf 74' lang='grc' dir='ltr'><strong><em>ἄτοπός</em></strong></span> 
     </span>
     <span class='ocr_line' id='line_1_29' title="bbox 337 3801 2338 3890; baseline -0.002 -20"><span class='ocrx_word' id='word_1_246' title='bbox 337 3829 462 3882; x_wconf 78' lang='grc' dir='ltr'><strong><em>τις;</em></strong></span> <span class='ocrx_word' id='word_1_247' title='bbox 531 3813 788 3890; x_wconf 85' lang='lat' dir='ltr'><strong>possunt</strong></span> <span class='ocrx_word' id='word_1_248' title='bbox 855 3806 1018 3869; x_wconf 88' lang='lat' dir='ltr'><strong>euim</strong></span> <span class='ocrx_word' id='word_1_249' title='bbox 1085 3828 1212 3869; x_wconf 86' lang='lat' dir='ltr'><strong>esse</strong></span> <span class='ocrx_word' id='word_1_250' title='bbox 1273 3805 1478 3890; x_wconf 90' lang='lat' dir='ltr'><strong>plures</strong></span> <span class='ocrx_word' id='word_1_251' title='bbox 1539 3805 1789 3877; x_wconf 83' lang='grc' dir='ltr'><strong><em>άτοπίας</em></strong></span> <span class='ocrx_word' id='word_1_252' title='bbox 1851 3810 1911 3868; x_wconf 88' lang='lat' dir='ltr'><strong>et</strong></span> <span class='ocrx_word' id='word_1_253' title='bbox 1969 3801 2338 3885; x_wconf 75' lang='grc' dir='ltr'><strong><em>φαυλότητος</em></strong></span> 
     </span>
     <span class='ocr_line' id='line_1_30' title="bbox 335 3920 2336 4008; baseline -0.001 -23"><span class='ocrx_word' id='word_1_254' title='bbox 335 3922 566 3987; x_wconf 86' lang='lat' dir='ltr'><strong>formae</strong></span> <span class='ocrx_word' id='word_1_255' title='bbox 625 3929 687 3986; x_wconf 88' lang='lat' dir='ltr'><strong>et</strong></span> <span class='ocrx_word' id='word_1_256' title='bbox 745 3923 967 4007; x_wconf 87' lang='lat' dir='ltr'><strong>gradus</strong></span> <span class='ocrx_word' id='word_1_257' title='bbox 983 3950 1002 4001; x_wconf 79' lang='lat'>3</span> <span class='ocrx_word' id='word_1_258' title='bbox 1065 3922 1170 3987; x_wconf 90' lang='lat' dir='ltr'><strong>sed</strong></span> <span class='ocrx_word' id='word_1_259' title='bbox 1223 3945 1415 4007; x_wconf 87' lang='lat' dir='ltr'><strong>quum</strong></span> <span class='ocrx_word' id='word_1_260' title='bbox 1466 3923 1685 4006; x_wconf 89' lang='lat' dir='ltr'><strong>loquor</strong></span> <span class='ocrx_word' id='word_1_261' title='bbox 1737 3921 1813 3986; x_wconf 89' lang='lat' dir='ltr'><strong>de</strong></span> <span class='ocrx_word' id='word_1_262' title='bbox 1846 3924 2014 4008; x_wconf 69' lang='lat' dir='ltr'><strong>justo</strong></span> <span class='ocrx_word' id='word_1_263' title='bbox 2031 3972 2046 4000; x_wconf 90' lang='lat'>‚</span> <span class='ocrx_word' id='word_1_264' title='bbox 2090 3920 2336 4003; x_wconf 69' lang='lat' dir='ltr'><strong>im&#39;mto,</strong></span> 
     </span>
     <span class='ocr_line' id='line_1_31' title="bbox 337 4036 2339 4119; baseline -0.003 -14"><span class='ocrx_word' id='word_1_265' title='bbox 337 4042 567 4105; x_wconf 68' lang='lat' dir='ltr'><strong>honesto</strong></span> <span class='ocrx_word' id='word_1_266' title='bbox 582 4091 600 4118; x_wconf 92' lang='lat'>‚</span> <span class='ocrx_word' id='word_1_267' title='bbox 647 4042 940 4106; x_wconf 69' lang='lat' dir='ltr'><strong>inhonesto</strong></span> <span class='ocrx_word' id='word_1_268' title='bbox 956 4092 974 4119; x_wconf 95' lang='lat'><strong><em>,</em></strong></span> <span class='ocrx_word' id='word_1_269' title='bbox 1021 4040 1170 4105; x_wconf 87' lang='lat' dir='ltr'><strong>haec</strong></span> <span class='ocrx_word' id='word_1_270' title='bbox 1216 4041 1517 4106; x_wconf 89' lang='lat' dir='ltr'><strong>eiusmodi</strong></span> <span class='ocrx_word' id='word_1_271' title='bbox 1562 4040 2041 4105; x_wconf 85' lang='lat' dir='ltr'><strong>additamentum</strong></span> <span class='ocrx_word' id='word_1_272' title='bbox 2087 4059 2214 4101; x_wconf 88' lang='lat' dir='ltr'><strong>non</strong></span> <span class='ocrx_word' id='word_1_273' title='bbox 2256 4036 2339 4099; x_wconf 88' lang='lat' dir='ltr'><strong>fa-</strong></span> 
     </span>
     <span class='ocr_line' id='line_1_32' title="bbox 337 4155 2337 4232; baseline -0.003 -9"><span class='ocrx_word' id='word_1_274' title='bbox 337 4159 454 4223; x_wconf 91' lang='lat' dir='ltr'><strong>cile</strong></span> <span class='ocrx_word' id='word_1_275' title='bbox 521 4159 873 4224; x_wconf 85' lang='lat' dir='ltr'><strong>admittunt.</strong></span> <span class='ocrx_word' id='word_1_276' title='bbox 977 4159 1206 4224; x_wconf 90' lang='lat' dir='ltr'><strong>Verum</strong></span> <span class='ocrx_word' id='word_1_277' title='bbox 1274 4160 1432 4223; x_wconf 86' lang='lat' dir='ltr'><strong>illud</strong></span> <span class='ocrx_word' id='word_1_278' title='bbox 1497 4185 1586 4232; x_wconf 84' lang='grc' dir='ltr'><strong><em>τις</em></strong></span> <span class='ocrx_word' id='word_1_279' title='bbox 1655 4168 1748 4223; x_wconf 90' lang='lat' dir='ltr'><strong>est</strong></span> <span class='ocrx_word' id='word_1_280' title='bbox 1814 4182 1937 4223; x_wconf 86' lang='lat' dir='ltr'><strong>una</strong></span> <span class='ocrx_word' id='word_1_281' title='bbox 2005 4181 2037 4221; x_wconf 91' lang='lat' dir='ltr'><strong>e</strong></span> <span class='ocrx_word' id='word_1_282' title='bbox 2105 4155 2337 4220; x_wconf 88' lang='lat' dir='ltr'><strong>voculis</strong></span> 
     </span>
    </p>
   </div>
  </div>
 </body>
</html>
