3025 5067
1246 424 1326 483 59

285 629 424 705 ἐμὴν
471 627 668 705 δόξαν,
717 627 782 692 τὸ
826 629 932 705 μὲν
977 630 1100 709 περὶ
1148 634 1258 693 τῶν
1303 628 1432 693 νέων
1479 626 1589 703 ὅπη
1636 628 1775 693 ποτὲ
1822 630 2113 703 γενήσοιτο
2156 624 2288 707 εἶχε

282 746 500 828 Φόβος,
528 798 543 812 .
570 798 581 809 .
609 796 625 812 .
686 748 752 811 τὸ
807 748 864 811 δὲ
926 748 1134 819 Δίωνος
1195 744 1316 823 ἦθος
1376 746 1714 822 ἠπιστάμην
1758 756 1863 821 τῆς
1912 754 2116 827 ψυχῆς
2162 747 2289 825 πέρι
2341 724 2349 733 ⁸

281 866 458 945 φύσει
501 891 568 930 τε
607 866 866 945 ἐμβριθὲς
910 864 966 929 ὂν
1009 875 1114 941 τῆς
1158 891 1225 931 τε
1271 867 1496 941 ἡλικίας
1542 867 1643 941 ἤδη
1688 866 1929 946 μετρίως
1959 866 2095 946 ἔχον
2116 917 2131 932 .
2169 864 2287 930 ὅθεν

281 1009 376 1061 μοι
444 984 805 1063 σκοπουμένῳ
867 985 968 1049 καὶ
1035 982 1376 1066 διστάζοντι,
1449 984 1677 1064 πότερον
1746 983 1827 1059 εἴη
1888 984 2181 1064 πορευτέον
2246 983 2279 1059 ἢ

284 1109 404 1174 πῶς
421 1154 438 1175 ,
501 1100 651 1179 ὅμως
712 1102 908 1183 ἔρρεψε
961 1103 1074 1167 δεῖν
1089 1154 1103 1177 ,
1176 1101 1230 1167 εἴ
1284 1103 1425 1168 ποτέ
1482 1128 1571 1175 τις
1631 1104 1713 1168 τα
1757 1102 2115 1178 διανοηθέντα
2160 1103 2284 1182 περὶ

282 1222 464 1297 νόμων
508 1246 576 1286 τε
619 1221 718 1286 καὶ
764 1223 1060 1294 πολιτείας
1111 1223 1418 1286 ἀποτελεῖν
1464 1221 1790 1303 ε’γχείρησοι
1806 1272 1825 1297 ,
1877 1220 1976 1286 καὶ
2024 1226 2118 1287 νῦν
2163 1245 2283 1286 πει·

284 1342 477 1420 ρατὲον
521 1336 681 1406 εἶναι.

373 1460 577 1540 Quam
624 1484 835 1545 parum
866 1468 1142 1523 accurate
1183 1467 1386 1524 noster
1421 1460 1687 1545 cogitata
1718 1460 2031 1523 enuntiare
2074 1459 2291 1523 solitus

285 1579 364 1642 sit
419 1579 691 1663 exemplo
751 1586 894 1643 sunt
964 1579 1165 1643 denuo
1225 1579 1422 1663 prima
1475 1578 1689 1643 verba:
1737 1580 1863 1651 τὴν
1910 1578 1957 1641 δ’
1982 1579 2155 1653 ε’μὺν
2202 1576 2295 1641 δό-

285 1697 419 1775 ξαν
485 1737 576 1747 --
643 1694 773 1779 εἶχε
839 1697 1058 1780 φόβος,
1124 1720 1233 1784 pro
1303 1699 1424 1775 ἐμὲ
1489 1698 1967 1774 σκοπούμενον
2024 1733 2119 1765 ,-
2162 1689 2293 1775 εἶχε

289 1816 510 1897 φόβοςε
559 1839 683 1881 non
729 1817 886 1881 enim
942 1818 1289 1901 opinionem
1335 1816 1594 1881 alicuius
1640 1815 1873 1881 invadit
1915 1821 2111 1879 metus
2124 1864 2141 1892 ,
2190 1812 2293 1877 sed

287 1936 452 2020 ipsos
522 1936 855 2021 cogitantes
907 1943 1108 2000 metus
1170 1936 1354 2000 subit.
1407 1937 1654 2019 ⁴Aeque
1708 1935 1927 2020 putida
1992 1933 2299 2019 periphra-

289 2054 372 2116 sis
442 2060 535 2117 est
599 2055 665 2118 in
733 2054 928 2139 Epist.
976 2054 1116 2133 HI,
1164 2078 1224 2139 p.
1286 2057 1410 2120 317
1461 2054 1551 2119 E:
1614 2057 1687 2126 ὡς
1735 2058 1768 2130 ἡ
1814 2056 1926 2131 ἐμὴ
1968 2051 2109 2129 δόξα
2153 2076 2298 2129 μαν-

286 2172 544 2240 τεύεται.
635 2173 716 2237 In
771 2174 1166 2258 sequentibus
1210 2174 1392 2238 verba
1429 2180 1534 2246 τῆς
1586 2180 1791 2254 ψυχῆς
1833 2174 1985 2253 πέρι,
2032 2174 2186 2258 quod
2219 2174 2303 2235 ad

288 2294 542 2357 animum
571 2293 810 2371 attinet,
841 2295 1047 2379 inepte
1078 2301 1138 2357 et
1167 2316 1349 2379 prave
1379 2315 1508 2357 esse
1538 2300 1743 2357 assuta
1774 2292 1911 2376 quis
1940 2313 2064 2355 non
2088 2290 2294 2353 statim

287 2410 758 2475 animadvertit?
811 2411 877 2475 Si
919 2434 1060 2477 vero
1107 2434 1247 2477 cum
1287 2411 1591 2497 plerisque
1634 2404 1940 2475 codicibus
1983 2410 2298 2475 omittatur

288 2529 655 2595 vocabulum
686 2527 839 2607 ἦθος,
873 2532 1054 2595 etiam
1086 2532 1254 2617 peior
1283 2532 1353 2595 fit
1375 2531 1698 2596 verborum
1721 2530 2109 2594 constructio.
2157 2528 2299 2591 Pos-

287 2655 514 2726 trema,
561 2648 759 2729 ἔρρεψε
803 2649 915 2713 δεῖν
957 2688 1048 2699 —
1091 2650 1384 2730 πειρατέον
1429 2647 1573 2715 εἶναι
1590 2700 1608 2727 ,
1670 2672 1795 2713 non
1840 2670 1965 2712 uno
2022 2647 2301 2711 laborant

289 2767 475 2830 vitio:
539 2768 652 2832 δεῖν
713 2776 834 2831 tam
884 2768 1141 2833 absurde
1187 2768 1458 2833 abundat
1515 2776 1587 2832 ut
1630 2768 1836 2853 potius
1884 2766 2123 2832 credam
2170 2788 2295 2830 esse

287 2886 520 2949 scribae
574 2885 814 2971 lapsum
877 2910 984 2972 pro
1029 2888 1238 2965 δοκεῖν;
1305 2887 1411 2951 sed
1455 2886 1655 2968 ἔρρεψε
1701 2886 2097 2971 impersonale
2139 2886 2296 2970 posi-

289 3014 426 3069 tum
469 3005 735 3068 insolens
789 3013 898 3069 est.
990 3006 1110 3071 Pro
1157 3005 1272 3070 hoc
1317 3006 1439 3069 dici
1484 3012 1876 3091 oportuerat:
1924 3029 2018 3081 μοι
2064 3027 2299 3069 σκοπον·

288 3122 439 3203 μένῳ
465 3174 480 3188 .
511 3174 524 3187 .
554 3172 568 3185 .
617 3123 844 3202 ἔρρεψεν
877 3126 910 3199 ἧ
942 3126 1146 3201 γνωμὴ
1181 3125 1274 3189 ἐπὶ
1307 3125 1374 3188 τὸ
1403 3125 1583 3188 δοκεῖν
1622 3122 1913 3203 πειρατέον
1935 3117 2079 3187 εἶναι
2092 3172 2110 3199 ,
2152 3122 2299 3203 coqi-

291 3240 448 3303 tcmti
479 3242 623 3304 mihi
654 3242 882 3306 animus
911 3242 1213 3307 incbinavit
1241 3243 1306 3306 in
1335 3266 1458 3306 eam
1489 3243 1843 3325 opinionem,
1868 3264 1986 3305 rem
2010 3241 2297 3323 experien-

289 3360 426 3421 dam
471 3381 607 3422 esse.

381 3476 530 3540 Mox
582 3477 884 3541 rhetorico
937 3479 1186 3543 artificio
1231 3502 1356 3543 rem
1404 3486 1598 3543 ornat.
1646 3478 1854 3562 Fingit
1899 3479 2159 3543 Dionem
2205 3502 2300 3541 ex-

291 3596 484 3659 sulem
546 3596 623 3660 ad
676 3620 738 3661 se
785 3598 1110 3683 confugere
1154 3606 1216 3663 et
1259 3598 1354 3662 his
1399 3598 1593 3663 verbis
1640 3620 1704 3661 se
1750 3597 2010 3681 alloqui,
2059 3621 2119 3682 p.
2168 3601 2295 3661 328

289 3714 380 3777 D:
432 3710 538 3779 ΘὨ
596 3714 878 3791 Πλάτων,
941 3715 1054 3791 ἥκω
1115 3741 1197 3781 σοι
1257 3718 1496 3797 Φυγας,
1559 3718 1674 3796 οὐχ
1736 3718 1983 3781 ὁπλιτῶν
2042 3716 2299 3793 δεόμενος

288 3834 401 3899 οὐδ’
454 3833 673 3897 ἱππέων
733 3834 916 3908 ἐνδεὴς
976 3836 1277 3911 γενόμενος
1336 3842 1438 3900 τοῦ
1483 3833 1815 3911 ἀμύνασθαι
1860 3836 1991 3905 τοὺς
2038 3835 2296 3915 ἐχθροὺς,

291 3952 460 4016 ἄλλα
518 3952 708 4029 λόγων
766 3953 866 4017 καὶ
928 3953 1170 4024 πειθοῦς.
1262 3952 1572 4017 Lubenter
1623 3953 1777 4017 fictis
1826 3952 2196 4017 orationibus
2244 3960 2303 4017 et

293 4070 612 4154 colloquiis
657 4070 1200 4157 Epistolographus
1244 4078 1449 4135 noster
1493 4070 1878 4155 scriptionem
1910 4078 2114 4149 ornat,
2149 4093 2303 4155 quae

293 4212 437 4253 sane
499 4191 806 4275 egregium
866 4213 1140 4276 campum
1200 4191 1428 4258 rhetori
1491 4190 1835 4277 aperiebant
1888 4196 2074 4257 artem
2131 4212 2301 4255 suam
