3025 5067
1267 422 1390 482 125

309 652 456 707 neS,
491 627 1124 704 animadvertendum,
1172 635 1563 712 personatum
1610 626 1927 691 Platonem
1972 627 2036 690 in
2071 625 2184 690 hac
2217 625 2336 710 epi-

309 748 477 811 stola
531 747 727 811 dicere
789 748 1010 825 solere,
1076 747 1153 810 de
1214 768 1337 830 quo
1397 747 1553 810 infra
1624 745 1997 822 accuratim,
2055 769 2117 808 se
2180 745 2335 808 nihil

306 866 508 929 literis
554 867 901 944 mandasse,
949 888 1210 949 eumque
1257 866 1332 929 de
1379 865 1622 949 scriptis
1669 864 1796 927 suis
1842 864 1927 926 sic
1974 863 2179 946 loqui,
2210 871 2336 926 tan-

309 1007 503 1068 quam
550 985 625 1048 de
671 985 1048 1050 sermonibus
1096 1007 1198 1048 ore
1246 984 1488 1048 habitis.

404 1103 742 1169 Incidimus
805 1105 904 1168 hic
962 1105 1026 1167 in
1090 1103 1398 1167 difficilem
1462 1103 1879 1186 quaestionem
1945 1109 2005 1164 et
2066 1102 2330 1166 multum

307 1221 749 1308 disceptatam,
797 1221 873 1285 de
919 1230 1188 1306 tempore
1225 1242 1350 1304 quo
1389 1220 1668 1285 Πολιτεία
1708 1243 1743 1282 a
1772 1219 2029 1282 Platone
2061 1221 2334 1284 confecta

308 1340 412 1402 sit.
507 1340 634 1403 Alii
681 1347 822 1403 ante
868 1339 1302 1424 profectionem
1348 1338 1414 1400 in
1445 1337 1691 1401 Italiam
1709 1386 1727 1414 ,
1762 1336 1867 1400 alii
1898 1345 2036 1422 post
2066 1338 2331 1402 reditum

309 1480 351 1519 a
395 1459 590 1542 primo
637 1458 854 1521 itinere
885 1458 962 1520 ad
993 1457 1354 1542 Dionysium
1389 1456 1677 1519 maiorem
1710 1456 1825 1518 hoc
1858 1479 2012 1541 opus
2038 1457 2332 1540 scriptum

309 1598 442 1640 esse
497 1584 766 1640 censent.
859 1577 1138 1657 Quarum
1185 1576 1541 1660 opinionum
1568 1576 1865 1659 posterior
1920 1576 1970 1638 si
2003 1575 2329 1660 probatur,

309 1697 574 1780 scriptor
633 1704 841 1759 noster
900 1696 1067 1759 haud
1123 1695 1271 1759 levis
1317 1695 1537 1757 erroris
1578 1695 1979 1758 convincitur.
2049 1694 2167 1757 Sed
2215 1697 2333 1759 ista

311 1817 620 1879 sententia
664 1839 735 1878 eo
781 1816 1039 1879 maxime
1071 1816 1292 1878 nititur
1323 1820 1717 1898 argumentO,
1753 1813 1919 1897 quod
1952 1836 2106 1898 opus
2138 1813 2330 1892 illud,

316 1943 392 1997 ut
437 1942 925 2030 consummatum
973 1933 1243 2017 ingenii,
1279 1933 1458 2010 artiS,
1493 1931 1804 1995 doctrinae
1837 1939 2329 2009 monumentum,

309 2052 626 2138 probabile
673 2053 754 2114 sit
801 2053 1095 2138 scriptum
1150 2075 1278 2115 esse
1325 2074 1395 2114 eo
1421 2053 1635 2114 aetatis
1661 2059 1964 2135 tempore,
1999 2073 2120 2134 quo
2152 2049 2331 2114 Plato

308 2172 684 2234 maturitatis
762 2171 1073 2255 fastigium
1126 2172 1446 2254 attigisset.
1518 2171 1713 2254 Atqui
1773 2170 2087 2234 fatendum
2107 2220 2124 2246 ,
2174 2170 2330 2233 nihil

306 2289 552 2353 obstare
615 2290 940 2372 quominus
986 2290 1318 2353 'Platonem
1337 2339 1355 2366 ,
1419 2290 1527 2372 qui
1592 2289 1666 2352 ab
1730 2289 2134 2352 adolescentia
2192 2289 2333 2352 scri-

305 2409 510 2480 bendo
557 2433 619 2472 se
668 2417 1048 2486 exercuerat,
1099 2417 1236 2472 ante
1287 2408 1819 2492 quadragesimum
1854 2409 2067 2471 aetatis
2101 2431 2217 2471 ann
2228 2431 2328 2471 um

293 2531 430 2612 jam
477 2528 554 2591 ad
600 2530 797 2605 ἀκμὴν
846 2529 1186 2612 pervenisse
1233 2527 1571 2592 credamus.

400 2647 597 2709 Priori
642 2669 783 2709 vero
814 2648 1148 2710 sententiae
1187 2648 1446 2710 maxime
1486 2647 1898 2730 propugnavit
1923 2646 2329 2729 Morgenster-

300 2765 450 2830 nius
499 2764 598 2848 (de
645 2764 885 2828 Platon.
933 2764 1081 2849 Rep.
1130 2789 1190 2850 p.
1243 2767 1323 2831 73
1373 2767 1565 2850 sqq.),
1616 2766 1723 2848 qui
1754 2765 1831 2829 ob
1864 2765 2326 2829 similitudinem

301 2907 467 2968 quae
498 2884 821 2947 intercedit
845 2883 1004 2946 inter
1032 2884 1458 2969 Aristophanis
1487 2883 1934 2947 Ecclesiazusas
1968 2892 2028 2948 et
2052 2885 2327 2948 Platonis

299 3003 771 3088 Rempublicam
788 3052 807 3081 ,
868 3024 993 3066 non
1054 3001 1309 3066 dubium
1376 3026 1502 3067 esse
1564 3004 1802 3066 censuit
1863 3005 2013 3087 quin
2061 3005 2327 3068 comicus

299 3123 423 3185 hac
476 3121 686 3186 fabula
729 3121 1107 3186 Platonicam
1153 3123 1462 3185 civitatem
1509 3121 1901 3185 deridendam
1950 3122 2066 3185 sibi
2110 3145 2328 3207 propo-

303 3241 554 3304 suisset.
615 3239 785 3320 Quas
835 3241 996 3302 enim
1042 3239 1385 3323 Praxagora
1430 3239 1517 3302 ibi
1564 3239 1923 3303 mulieribus
1968 3240 2084 3302 fert
2130 3239 2322 3322 legeS,

303 3359 388 3421 de
435 3359 861 3421 communione
907 3357 1206 3420 bonorum
1256 3365 1317 3420 et
1367 3379 1658 3435 uxorum,
1709 3357 1783 3420 de
1822 3355 2326 3436 communicanda

301 3500 451 3542 cum
511 3477 655 3540 viris
718 3483 778 3540 et
837 3476 1197 3540 mulieribus
1259 3475 1589 3539 liberorum
1638 3498 1816 3553 cura,
1873 3475 1946 3538 de
1994 3446 2127 3538 aliis
2150 3525 2167 3551 ‚
2216 3475 2324 3538 has

299 3618 453 3660 cum
511 3595 861 3658 Platonicae
909 3594 1169 3658 civitatis
1216 3594 1453 3678 legibus
1500 3594 1605 3656 ita
1634 3594 1983 3671 concinere,
2040 3601 2111 3656 ut
2163 3593 2322 3656 idem

301 3716 392 3778 sit
439 3722 864 3799 argumentum
912 3713 976 3776 in
1022 3713 1348 3777 ridiculum
1405 3735 1780 3777 conversum.

399 3833 673 3897 Eandem
721 3832 1083 3896 sententiam
1130 3831 1392 3916 amplexi
1439 3839 1585 3895 sunt
1646 3830 1993 3894 Meinekius
2040 3837 2100 3894 et
2143 3829 2325 3913 Berg-

299 3953 486 4030 kius,
535 3953 642 4036 qui
685 3951 1006 4014 Platonem
1053 3950 1256 4035 ipsum
1301 3951 1364 4014 in
1414 3951 1623 4014 eadem
1674 3950 1983 4013 comoedia
2030 3973 2147 4012 vss.
2194 3952 2315 4014 647

303 4078 369 4135 et
426 4073 554 4133 994
613 4067 991 4151 Ἀριστύλλου
1052 4070 1297 4133 nomine
1360 4069 1560 4132 notari
1621 4069 1869 4144 volunt,
1934 4067 2209 4131 similiter
2254 4076 2323 4130 ut

302 4192 372 4254 in
452 4189 661 4253 fabula
721 4188 942 4265 Plut0,
1003 4210 1087 4252 vs,
1155 4191 1322 4265 314,
1385 4210 1542 4271 quae
1590 4187 1800 4271 paucis
1850 4187 2025 4249 annis
2074 4195 2212 4250 ante
2258 4187 2322 4249 in
