3025 5067
1285 396 1362 456 15

405 600 635 665 Eodem
666 606 1042 686 syntagmate
1079 600 1178 665 usi
1207 622 1336 664 esse
1365 598 1653 663 videntur
1682 599 2079 677 Plutarchus,
2116 599 2327 663 Aelius

320 721 616 784 Aristides
636 771 655 799 ‚
701 720 1043 799 LucianuS,
1095 720 1393 797 Albinus,
1423 722 1470 805 1)
1518 717 1847 803 Origenes,
1880 720 2064 783 ceteri
2104 718 2329 783 saeculi

317 838 384 902 ΙΙ
427 847 490 902 et
532 838 637 903 ΙΠ
682 840 1004 924 scriptores
1020 889 1038 917 ,
1088 862 1123 903 a
1169 839 1395 923 quibus
1441 838 1713 902 diversae
1760 838 2071 923 Epistolae
2103 839 2327 922 passim

320 958 602 1022 citantur.
631 962 677 1043 2)
734 958 850 1021 His
907 980 1049 1022 vero
1107 959 1418 1043 antiquior
1464 958 1639 1021 testis
1686 964 1777 1021 est
1825 956 2037 1021 Cicero
2052 1006 2070 1034 ,
2122 978 2157 1019 a
2202 978 2325 1040 quo

316 1076 466 1162 Epp.
493 1076 572 1155 V,
605 1076 733 1141 VII
764 1086 824 1141 et
857 1077 951 1140 IX
983 1077 1332 1142 laudantur.
1381 1076 1575 1163 Cujus
1598 1076 2019 1140 testimonium
2050 1076 2101 1138 si
2126 1098 2233 1159 per
2264 1099 2327 1138 se

314 1219 436 1261 non
490 1198 647 1260 tanti
703 1206 796 1261 est
841 1206 912 1261 ut
955 1198 1074 1282 ipsi
1121 1197 1366 1261 Platoni
1412 1196 1829 1260 attribuantur
1876 1197 1973 1278 (cf.
2023 1194 2329 1279 Wiegand

313 1338 449 1399 pag.
483 1318 679 1400 extr.)‚
713 1323 776 1379 at
807 1315 1020 1379 Cicero
1051 1315 1114 1378 id
1140 1316 1372 1399 accepit
1395 1314 1470 1379 ab
1495 1314 1853 1397 aequalibus
1884 1321 1947 1378 et
1968 1312 2322 1399 majoribuS,

314 1434 678 1499 Academiae
720 1414 1058 1513 sodalibus,
1093 1433 1256 1498 unde
1289 1434 1548 1497 efficitur
1578 1433 1653 1498 ab
1685 1433 1779 1497 his
1810 1455 2056 1517 quoque
2087 1432 2329 1518 Episto-

312 1554 402 1617 las
448 1554 636 1637 vulgo
675 1576 784 1637 pro
815 1552 1148 1617 Platonicis
1179 1552 1420 1616 habitas
1453 1574 1603 1616 esse.
1654 1552 1895 1615 Horum
1928 1559 2131 1616 autem
2164 1560 2329 1614 aetas

311 1694 507 1755 quum
554 1694 678 1737 non
723 1679 849 1735 tam
889 1671 1070 1756 longe
1101 1671 1177 1736 ab
1209 1669 1764 1735 Alexandrinorum
1798 1670 2330 1754 grammaticorum

309 1792 690 1875 temporibus
743 1796 975 1853 remota
1019 1790 1130 1867 sit,
1174 1791 1300 1874 jam
1340 1811 1411 1853 eo
1443 1788 1805 1853 deducimur
1834 1797 1909 1853 ut
1938 1788 2332 1872 probabiliter

313 1918 585 1973 statuere
645 1909 860 1987 liceat,
925 1908 1163 1971 easdem
1225 1908 1512 1994 epistolas
1529 1957 1547 1985 ‚
1612 1908 1665 1970 si
1710 1930 1833 1971 non
1884 1929 2121 1986 omneS,
2171 1916 2329 1972 certe

313 2029 668 2112 praecipuas
685 2077 703 2105 ‚
747 2030 870 2113 jam
920 2027 995 2091 ab
1042 2027 1451 2111 Aristophane
1497 2026 1893 2110 grammatico
1934 2026 2106 2089 tritas
2154 2041 2215 2089 et
2262 2027 2324 2089 in

317 2168 570 2231 operum
617 2146 892 2210 Platonis
939 2145 1285 2229 catalogum
1330 2152 1602 2230 receptas
1650 2144 1856 2207 fuisse.

402 2264 442 2327 J
445 2287 542 2328 am
589 2266 642 2327 si
687 2265 972 2349 epistolas
1011 2265 1169 2328 inter
1215 2286 1278 2327 se
1310 2286 1729 2349 comparamus
1747 2312 1766 2341 ‚
1814 2262 2040 2326 nemini
2066 2260 2322 2326 dubium

311 2384 504 2447 videri
534 2391 768 2467 potest,
817 2382 892 2447 de
924 2403 1046 2466 quo
1085 2404 1294 2446 omnes
1325 2382 1749 2460 consentiunt,
1798 2380 2135 2466 Epistolam
2167 2378 2325 2458 VII,

317 2502 393 2565 ad
447 2502 664 2565 Dionis
710 2502 1084 2587 propinquos
1131 2501 1416 2584 scriptam
1431 2550 1450 2579 ‚
1507 2500 1912 2585 amplitudine
1927 2549 1945 2577 ,
1995 2499 2289 2583 gravitate
2306 2549 2325 2577 ,

315 2642 518 2684 rerum
563 2619 772 2704 copia,
820 2617 1104 2683 dictionis
1151 2625 1372 2682 ornatu
1386 2668 1405 2697 ‚
1440 2618 1654 2683 ceteris
1686 2617 1971 2682 omnibus
2002 2624 2325 2703 praestare.

315 2738 427 2801 Est
482 2737 630 2801 haec
675 2736 933 2822 epistola
978 2738 1152 2821 quasi
1199 2738 1510 2822 apologia,
1560 2759 1683 2821 qua
1727 2730 2003 2801 Platonis
2052 2737 2209 2801 vitae
2240 2736 2329 2800 in-

316 2857 604 2921 stitutum
665 2866 730 2921 et
787 2856 943 2920 ratio
958 2906 977 2935 ‚
1034 2857 1290 2921 consilia
1330 2857 1623 2920 itinerum
1669 2878 1824 2939 quae
1868 2856 1934 2919 in
1979 2854 2225 2918 Italiam
2272 2862 2334 2917 et

317 2974 587 3039 Siciliam
646 2976 916 3061 suscepit
930 3025 948 3053 ,
1018 2974 1403 3039 necessitudo
1464 2983 1527 3038 et
1586 2974 2013 3039 commercium
2076 2995 2231 3055 quae
2276 2972 2334 3035 ei

316 3115 457 3158 cum
516 3094 716 3158 Dione
777 3102 839 3159 et
883 3094 1178 3178 Dionysio
1222 3095 1474 3158 fuerunt
1487 3143 1506 3171 ,
1556 3101 1947 3177 exponuntur
1992 3100 2055 3157 et
2108 3091 2183 3157 ab
2230 3091 2335 3155 ali-

317 3234 494 3276 orum
538 3212 1106 3297 reprehensionibus
1153 3212 1579 3289 vindicantur;
1615 3220 1922 3297 praeterea
1951 3211 2147 3275 multa
2178 3210 2332 3273 inse-

314 3340 571 3409 runtur,
620 3354 775 3415 quae
821 3332 899 3396 ad
944 3332 1218 3396 Platonis
1264 3330 1519 3395 consilia
1566 3331 1815 3416 politica
1834 3381 1851 3408 ‚
1910 3330 2167 3395 docendi
2213 3352 2332 3393 me-

314 3450 610 3527 thodum,
656 3451 1004 3515 interiorem
1049 3450 1496 3536 philosophiam
1542 3458 1839 3534 spectant.

387 3710 433 3769 1)
469 3709 631 3757 Albini
665 3713 879 3772 superest
925 3706 1140 3756 libellus:
1192 3711 1421 3772 Εἰσαγωγὴ
1467 3710 1531 3765 εἰς
1563 3710 1669 3766 τοὺς
1709 3712 1947 3766 Πλάτωνος
1982 3709 2234 3773 διαλόγους,
2273 3707 2331 3757 de

312 3820 412 3868 quo
448 3804 544 3854 vid.
580 3806 781 3855 Siickow
817 3806 866 3854 ll.
900 3820 948 3869 p.
983 3805 1013 3853 8
1047 3820 1152 3868 sqq.
1189 3809 1236 3852 et
1270 3820 1319 3868 p.
1358 3804 1468 3853 169.

385 3900 434 3961 2)
472 3901 545 3950 Cf.
580 3902 822 3951 Hermann
860 3917 907 3964 p.
943 3901 1066 3960 592,
1103 3904 1204 3949 not.
1241 3900 1354 3949 220.
1408 3900 1677 3964 Scriptores
1718 3901 1806 3949 hos
1835 3900 2089 3964 diligenter
2121 3904 2331 3949 recenset

311 3996 644 4045 Westermaun
661 4034 675 4055 ,
721 3997 772 4045 ll.
818 4014 866 4061 p.
912 3996 941 4043 3
959 4033 972 4053 ,
1006 3997 1064 4054 43
1101 3994 1342 4044 commisit
1372 4003 1532 4044 autem
1568 3995 1718 4045 levem
1754 4011 1990 4053 errorem,
2026 4011 2171 4059 quum
2205 3995 2332 4059 apud

313 4092 628 4142 Plutarchum
675 4093 818 4141 Dion.
867 4109 910 4141 c.
946 4094 1009 4140 54
1042 4091 1308 4156 Epistolsm
1343 4092 1411 4141 VI
1445 4093 1582 4141 citari
1618 4092 1836 4156 scripsit3
1884 4108 2004 4155 quae
2037 4090 2104 4139 ibi
2139 4107 2331 4140 narran-

313 4192 398 4236 tur
432 4187 657 4251 leguutur
690 4189 738 4236 in
777 4187 864 4252 Ep.
900 4187 1011 4236 vn.
