3025 5067
1644 348 1729 411 64

680 554 1017 620 Platonem.
1067 554 1143 618 In
1172 553 1502 619 Theaeteto
1518 603 1537 633 ,
1586 577 1646 640 p.
1684 556 1805 620 167
1842 555 1899 618 Α
1908 603 1929 633 ,
1961 552 2325 639 Protagoras
2344 554 2691 650 'sapientem

682 680 744 737 et
786 673 1089 737 medicum
1125 673 1190 737 in
1237 694 1308 736 eo
1353 672 1673 737 convenire
1718 671 1869 736 dicit
1914 672 2078 756 quod
2119 679 2377 755 uterque
2406 673 2691 737 immutet

681 793 987 857 hominem
996 842 1016 871 ,
1063 793 1090 856 ὃ
1136 791 1244 871 μέν
1289 791 1477 873 ἰατρὸς
1525 790 1858 873 φαρμάκοις
1904 791 2321 869 μεταβάλλει,
2368 792 2397 853 ο“
2440 790 2499 854 δὲ
2528 795 2693 870 σοφι-

679 913 819 987 στὴς
851 911 1064 987 λόγοις.
1113 907 1192 973 In
1221 909 1510 987 Politice,
1545 932 1605 995 p.
1642 912 1765 975 297
1802 908 1884 988 E,
1916 909 2063 974 boni
2091 910 2443 994 imperantis
2474 908 2691 979 εἵκονας

680 1051 807 1093 esse
865 1027 1017 1092 dicit
1071 1027 1165 1093 τὸν
1227 1034 1487 1106 γενναῖον
1538 1027 1889 1107 κυβερνήτην
1934 1029 2031 1093 καὶ
2077 1030 2173 1092 τὸν
2218 1028 2417 1107 ἑτέρων
2460 1032 2690 1092 πολλῶν

679 1144 949 1222 ἀντάξιον
978 1146 1183 1226 ἰατρόν.
1254 1144 1480 1210 Noster
1509 1145 1604 1210 uti
1632 1146 1695 1209 h.
1719 1146 1760 1210 l.
1792 1147 2017 1224 ἰατροῦ,
2052 1146 2137 1209 ita
2164 1145 2510 1223 κυβερνήτου
2545 1144 2694 1209 ima-

595 1328 603 1335 ,
679 1265 820 1349 gine
848 1264 1044 1329 utitur
1074 1265 1232 1329 infra
1252 1288 1312 1349 p.
1335 1266 1461 1328 351
1488 1264 1567 1329 D.
1616 1263 1909 1329 Similiter
1938 1265 2290 1350 insipientes
2322 1264 2597 1329 homines
2628 1270 2691 1327 et

676 1383 834 1447 male
878 1391 1145 1447 moratae
1190 1383 1466 1448 civitates
1516 1406 1693 1469 saepe
1738 1390 2160 1468 comparantur
2208 1405 2347 1448 cum
2380 1389 2692 1468 aegrotan-

678 1501 862 1565 tibus,
925 1500 1227 1565 Classicus
1272 1501 1442 1565 locus
1489 1509 1581 1565 ost
1626 1501 1701 1566 de
1732 1500 1880 1587 Bep.
1914 1500 2025 1565 IV.
2066 1524 2127 1587 p.
2161 1503 2289 1565 425
2322 1501 2376 1564 E
2416 1517 2547 1586 sqq.
2580 1500 2691 1585 qui

681 1619 976 1685 eiusmodi
1020 1620 1216 1685 verbis
1261 1626 1589 1706 conceptus
1635 1628 1727 1685 est
1772 1628 1845 1685 ut
1888 1620 2063 1685 facile
2096 1628 2385 1706 appareat
2412 1628 2689 1685 nostrum

679 1738 822 1803 inde
866 1760 976 1802 sua
1021 1738 1404 1823 compilasse:
1452 1739 1647 1816 λέγεις
1695 1738 2000 1816 βιώσεσθαι
2033 1739 2165 1812 τοὺς
2209 1740 2490 1810 τοιούτους
2537 1738 2692 1823 (libi-

681 1857 926 1921 dinosos
968 1857 1138 1942 dicit)
1183 1856 1370 1940 ὥσπερ
1400 1859 1535 1929 τοὺς
1580 1857 1990 1935 καμνόντας
2036 1882 2104 1923 τε
2133 1858 2231 1929 καὶ
2263 1859 2365 1922 οὐκ
2392 1856 2690 1929 ἐθέὶρντας

683 1977 780 2041 ὑπ’
823 1975 1147 2047 ἀκολασίαις
1193 1975 1433 2054 ἐκβῆναι
1480 1999 1604 2040 πον
1622 1978 1791 2057 ήροῖς
1837 1975 2133 2050 διαίτης.
2181 1974 2342 2039 Cum
2373 1975 2465 2039 his
2496 1974 2691 2039 conci·

682 2101 842 2159 nunt
879 2094 1059 2179 plane
1091 2094 1377 2179 epistolae
1406 2093 1623 2158 verba:
1672 2094 1824 2173 ἀνδρὶ
1855 2094 2129 2172 κάμνοντι
2162 2094 2258 2158 καὶ
2290 2094 2516 2159 δίαιταν
2546 2094 2688 2158 διαι-
2733 2156 2739 2161 .

681 2208 914 2292 τωμένῳ
959 2210 1272 2292 μοχθηράν.
1365 2211 1604 2276 Deinde
1650 2211 2113 2276 similitudinem
2156 2211 2441 2275 transfert
2488 2210 2566 2274 ad
2611 2210 2691 2274 ci-

678 2330 895 2394 vitates
942 2329 1296 2415 depravatas
1311 2380 1329 2408 ‚
1377 2353 1439 2415 p.
1487 2332 1617 2393 426
1664 2330 1759 2394 B:
1810 2330 1843 2406 ἢ
1890 2332 1951 2395 οὗ
1996 2330 2305 2412 φαίνονταί
2348 2353 2431 2394 σοι
2475 2328 2689 2421 ταύτὸν

679 2447 1017 2529 ἐργάζεσθαι
1085 2449 1302 2521 τούτοις
1371 2451 1472 2533 (sc.
1541 2456 1657 2521 τοῖς
1725 2447 2027 2534 κάμνουσι)
2093 2454 2203 2526 τῶν
2271 2448 2490 2515 πόλεων
2558 2446 2686 2513 ὅσαι

682 2572 872 2639 κακῶς
917 2565 1352 2643 πολιτευόμεναι
1399 2568 1943 2647 προαγορεύουσι
1999 2575 2142 2640 τοῖς
2189 2574 2524 2637 πολιταῒς
2566 2568 2687 2641 τὴν

683 2685 808 2763 μὲν
867 2684 1318 2750 κατάστασιν
1379 2692 1504 2759 τῆς
1565 2683 1833 2757 πόλεως
1894 2682 2056 2761 ὅλην
2123 2688 2219 2764 μὴ
2286 2692 2534 2768 κινεῖν,
2602 2686 2686 2755 ὥς

681 2804 1242 2877 ἀποθανούμενος
1288 2802 1525 2888 (-μένῳΡ
1569 2804 1656 2867 ita
1707 2803 1920 2882 cred03
1966 2804 2310 2869 terminatio
2355 2828 2465 2877 -νος
2512 2803 2687 2867 facile

679 2929 823 2986 nata
890 2944 923 2987 e
991 2945 1080 3008 sq.
1151 2921 1232 3007 ὃς)
1301 2921 1358 2995 ὃς
1421 2922 1494 2988 ἂν
1562 2928 1728 2989 τοῦτο
1796 2924 1897 3007 δρᾷ
1925 2946 1940 2960 ·
2004 2921 2063 2995 ὃς
2108 2925 2157 2988 δ’
2179 2922 2252 2989 ἂν
2318 2927 2483 3005 σφοῖς
2542 2921 2685 2988 οὕτω

680 3040 1143 3118 πολιτευομένους
1176 3038 1427 3133 ἥδιστα
1474 3042 1818 3123 θεραπεύῃ
1860 3041 1982 3106 καὶ
2026 3041 2414 3123 χαρίζηται
2461 3018 2689 3122 ὑποτρέ-

679 3181 806 3238 χων
850 3158 949 3222 καὶ
1001 3159 1438 3240 προγιγνώσκων
1484 3160 1596 3231 τὰς
1638 3160 1930 3242 σφετέρας
1974 3159 2023 3238 β
2033 3130 2351 3236 συλήσεις
2402 3160 2501 3225 καὶ
2548 3161 2692 3226 ταύ-

680 3299 792 3346 τας
854 3275 1023 3347 δεινὸς
1083 3274 1118 3357 ᾖ
1163 3278 1560 3356 ἀποπληροῦν,
1607 3274 1769 3349 οὗτος
1815 3275 1931 3359 ἄρα
1974 3272 2195 3356 ἀγαθός
2242 3282 2297 3343 τ’
2343 3280 2507 3344 ἔσται
2551 3280 2687 3359 ανὴρ

680 3394 778 3458 καὶ
827 3393 1026 3476 σόφος.
1118 3394 1276 3460 Cum
1322 3396 1418 3460 his
1463 3396 1515 3460 si
1563 3398 1931 3461 conferimus
1976 3397 2126 3461 haec
2156 3398 2442 3483 epistolae
2469 3398 2685 3462 verba:

681 3518 798 3585 τοῖς
857 3513 905 3576 δ’
929 3511 1036 3589 ἔξω
1096 3513 1162 3578 τὸ
1223 3512 1506 3595 παράπαν
1566 3515 1867 3593 βαίνουσι.
1896 3566 1910 3582 .
1940 3567 1955 3582 .
2018 3517 2453 3598 προαγορεύουσι
2506 3516 2565 3581 δὲ
2604 3519 2685 3598 τῷ

679 3627 994 3711 ξυμβούλῳ
1009 3680 1028 3713 ,
1091 3632 1429 3697 similitudo
1489 3634 1810 3718 utriusque
1853 3634 1974 3698 loci
2018 3634 2159 3698 talis
2205 3642 2297 3699 est
2340 3643 2413 3699 ut
2456 3634 2687 3699 nemini

680 3746 938 3812 dubium
985 3771 1112 3813 esse
1179 3759 1364 3834 queat
1422 3752 1575 3835 quin
1629 3753 1780 3817 alter
1832 3775 1905 3816 ex
1958 3753 2150 3818 altero
2204 3754 2286 3817 sit
2337 3776 2681 3840 expressuS,

677 3864 876 3948 iisque
920 3866 1155 3932 collatis
1202 3869 1383 3933 simul
1438 3871 1589 3955 quid
1635 3878 1941 3937 auctorem
1989 3880 2049 3937 et
2093 3872 2460 3937 imitatorem
2505 3873 2686 3938 inter-

679 3983 762 4047 sit
807 3993 1070 4070 apparet.
1165 3986 1241 4051 In
1285 3988 1560 4053 Platonis
1608 3990 1801 4055 verbis
1848 3992 2051 4055 omnia
2094 3991 2392 4070 dilucide,
2440 3992 2646 4057 limate
2662 4042 2680 4069 ,

679 4101 986 4187 eleganter
1030 4104 1193 4169 dicta
1237 4114 1421 4184 sunt3
1470 4108 1535 4171 in
1570 4108 1825 4193 epistola
1858 4110 2063 4173 omnia
2083 4109 2439 4195 ambagibus
2470 4111 2678 4195 plena,
