3025 5067
1298 362 1425 423 223

343 569 461 634 bus
538 568 771 633 Socrati
848 569 1079 653 primae
1152 568 1415 633 tributae
1478 576 1626 632 sunt
1641 618 1658 646 ‚
1723 568 1798 632 ab
1869 568 2361 653 epistolographo

342 688 683 767 Σωκράτεια
752 688 918 764 λόγοι
990 695 1285 755 vocantur
1346 689 1429 771 (p.
1479 689 1607 749 363
1651 689 1747 771 A).
1846 686 1922 749 In
1977 686 2186 750 eodem
2239 685 2364 749 dia-

342 809 483 890 logo
550 807 747 872 multa
815 807 1108 891 leguntur
1176 828 1329 890 quae
1398 828 1430 869 e
1507 805 2024 889 Pythagoreorum
2087 805 2363 869 doctrina

344 933 491 989 sunt
536 925 847 1003 desumta;
896 948 949 989 e.
998 948 1057 1009 g.
1106 946 1261 1009 quae
1310 924 1706 1009 disputantur
1751 924 1828 988 de
1875 925 2062 989 animi
2109 923 2364 989 elemen-

345 1046 425 1108 tis
486 1044 823 1109 secundum
886 1044 1343 1108 mathematicas
1398 1054 1457 1108 et
1504 1045 1768 1107 musicas
1814 1045 2078 1107 rationes
2125 1064 2364 1127 compo·

346 1163 511 1240 sitis,
561 1137 620 1247 p.
656 1166 953 1240 34—37;
988 1162 1063 1225 de
1095 1171 1327 1247 septem
1358 1162 1577 1227 mundi
1609 1138 1880 1247 sphaeris
1903 1212 1918 1238 ,
1969 1185 2027 1246 p.
2063 1164 2359 1238 39-——40;

346 1281 421 1345 de
467 1282 679 1367 figuris
724 1282 1201 1359 mathematicis,
1250 1304 1402 1365 quas
1449 1281 1695 1365 singula
1739 1280 2040 1345 elementa
2068 1280 2359 1356 referant,

348 1424 408 1486 p.
460 1402 745 1465 54—26.
817 1400 960 1465 Vid.
1008 1399 1395 1465 Stallbaumii
1440 1400 1782 1484 Prolegom.
1833 1399 1907 1463 ad
1955 1398 2111 1463 Tim.
2160 1420 2222 1483 p.
2257 1400 2360 1464 37.

344 1519 575 1584 Tamen
626 1519 794 1583 haud
840 1520 967 1583 scio
1012 1542 1088 1583 an
1122 1520 1304 1583 etiam
1352 1520 1467 1583 hoc
1515 1518 1702 1583 titulo
1753 1518 1958 1603 potius
2003 1526 2364 1583 commenta-

341 1638 469 1703 rius
516 1638 734 1723 aliquis
788 1638 1061 1703 Platonis
1109 1638 1353 1702 nomine
1387 1637 1586 1702 editus
1633 1611 2042 1721 significetur.¹
2119 1636 2363 1723 Simpli-

345 1757 477 1821 cius
545 1756 623 1821 ad
660 1757 939 1835 .Aristot.
1002 1756 1077 1821 de
1141 1754 1343 1821 Anim.
1406 1757 1512 1820 fol.
1568 1758 1606 1819 6
1668 1756 1757 1833 Β,
1806 1763 2013 1820 narrat
2059 1756 2363 1821 exstitisse

349 1876 695 1940 Aristotelis
721 1876 1224 1940 commentarium
1247 1875 1371 1963 περὶ
1404 1878 1695 1957 τάγαθοῦ,
1734 1896 1916 1959 quem
1949 1874 2209 1939 eundem
2241 1875 2364 1956 περὶ

346 1998 701 2077 φιλοσοφίας
762 1996 1124 2079 inscriptum
1184 1995 1407 2071 fuisse,
1466 2017 1590 2079 quo
1638 1995 2097 2059 continerentur
2141 1993 2368 2079 Pytha-

348 2135 670 2197 goreorum
728 2122 789 2177 et
827 2113 1101 2177 Platonis
1150 2114 1375 2197 placita
1420 2112 1495 2177 de
1541 2113 1714 2177 ideis,
1788 2112 1992 2178 Verba
2037 2114 2169 2177 eius
2215 2113 2365 2177 haec

350 2240 525 2296 sunt:
584 2232 740 2313 περὶ
796 2233 1243 2315 φιλοσοφίας
1304 2239 1397 2299 νῦν
1453 2232 1617 2310 λέγει
1675 2233 1768 2297 τοὶ
1823 2232 1978 2313 περὶ
2041 2233 2366 2309 τάγαθοῦ

348 2352 507 2431 αὐτῷ
562 2352 715 2434 (scil.
766 2351 1170 2435 Ἀριστοτέλει)
1234 2354 1299 2417 ἐκ
1341 2360 1446 2427 τῆς
1475 2326 1804 2432 ’Πλάτωνος
1851 2350 2368 2431 ἀναγεγραμμένα

346 2468 673 2552 ξυνουσίας,
721 2473 780 2535 ἐν
836 2467 913 2542 οἷς
961 2472 1174 2551 ἱστορεῖ
1212 2469 1323 2543 τοὶς
1368 2495 1435 2535 τε
1482 2470 2005 2548 Πυθαγορείους
2051 2470 2149 2534 καὶ
2197 2480 2366 2535 Πλοι-

347 2590 589 2659 mmm.-
658 2590 784 2667 περὶ
847 2595 956 2652 τῶν
1026 2588 1195 2653 ὄντων
1270 2587 1460 2663 δόξαις.
1555 2586 1786 2653 Eadem
1848 2588 2142 2671 leguntur
2205 2586 2367 2672 apud

348 2704 761 2791 Philoponum
814 2706 893 2769 ad
954 2706 1015 2770 h.
1063 2707 1105 2771 l.
1123 2756 1141 2783 ,
1198 2706 1422 2790 quibus
1470 2706 1794 2791 adjiciatur
1839 2704 2059 2769 Suidas
2106 2706 2171 2769 in
2217 2728 2362 2771 voce
2397 2780 2402 2785 .

348 2825 531 2901 οὶγοιθ.
580 2824 745 2901 Ram..
780 2814 957 2907 ‘(Vol
1020 2822 1087 2901 Ι,
1152 2824 1267 2889 col.
1333 2826 1437 2889 36.
1500 2824 1592 2887 ed.
1665 2824 1936 2907 Bernh.).
2031 2822 2220 2908 Saepe
2266 2824 2366 2889 hic

348 2941 501 3006 liber
560 2943 687 3023 περὶ
749 2945 1012 3020 τοὶγοιθοῦ
1076 2944 1299 3007 citatur
1348 2943 1422 3008 ab
1472 2943 1877 3008 Aristotelicis
1926 2952 1986 3007 et
2030 2942 2364 3007 Platonicis

348 3061 635 3144 (quorum
692 3056 1068 3125 testimonia⁴
1101 3062 1407 3145 congessit
1466 3061 1826 3125 Brandisius
1889 3060 2024 3126 libr.
2074 3060 2242 3124 laud.
2299 3083 2359 3144 p.

354 3182 524 3243 3-—8
574 3187 635 3243 et
680 3203 739 3264 p.
795 3182 931 3263 ll),
984 3203 1191 3245 verum
1237 3187 1362 3245 tam
1409 3180 1700 3257 obscure,
1734 3188 1840 3258 ut,
1874 3187 2086 3244 utrum
2119 3178 2366 3243 illorum

349 3297 671 3361 relationes
703 3320 736 3362 e
768 3298 927 3364 fama
962 3321 1039 3361 an
1086 3299 1265 3361 certis
1313 3321 1345 3362 e
1377 3298 1788 3363 monumentis
1821 3298 2045 3362 ductae
2075 3304 2137 3361 et
2168 3298 2369 3383 prodi-

350 3425 447 3481 tae
494 3418 652 3494 sint,
700 3416 943 3481 dubites
972 3418 1019 3501 l)
1066 3439 1253 3500 quare
1300 3438 1371 3481 ex
1415 3416 1700 3495 illorum,
1733 3417 2184 3483 narrationibus
2216 3418 2367 3481 certi

352 3535 502 3619 quid
562 3543 829 3601 statuere
889 3556 1011 3600 non
1073 3536 1235 3600 lieet.
1305 3536 1585 3601 Maxime
1641 3536 2030 3601 memorabile
2085 3535 2238 3599 mihi
2283 3537 2366 3597 vi-

422 3781 467 3841 1)
500 3780 577 3829 Ex
612 3780 950 3845 interpretibus
983 3780 1065 3843 qui
1100 3780 1252 3831 citant
1286 3780 1684 3829 commentarium
1713 3786 1820 3850 περὶ
1835 3785 2064 3846 τάγαθοῦ,
2090 3780 2368 3829 Brandisius

353 3881 494 3941 putat
534 3877 772 3925 neminem
811 3881 998 3939 praeter
1042 3876 1365 3925 Alexandrum
1413 3876 1753 3940 Aphrodisium
1789 3876 1916 3925 hunc
1949 3878 1999 3925 in
2035 3876 2252 3926 manibus
2286 3878 2369 3925 ha-

352 3973 513 4020 buisse
546 3971 672 4032 (libr.
708 3971 833 4021 laud.
866 3986 916 4035 p.
949 3974 1019 4033 4).
1054 3970 1518 4033 Trendelenburgi'us
1551 3976 1710 4020 autem
1747 3972 1798 4034 (1.
1833 3972 1864 4021 l.
1891 3990 1936 4037 p.
1966 3972 2046 4031 29)
2071 3972 2214 4021 etiam
2227 3972 2368 4020 huius

355 4066 668 4116 relationibus
724 4066 781 4115 de
836 4066 928 4115 hoc
983 4083 1125 4131 opere
1174 4072 1311 4115 cauta
1359 4066 1493 4115 nobis
1542 4068 1769 4116 utendum
1818 4039 1916 4115 esse
1964 4073 2150 4127 monet,
2197 4068 2370 4131 qnippe

354 4164 437 4226 qui
472 4178 703 4227 nusquam
736 4164 840 4227 ipsa
875 4163 1150 4212 Aristotelis
1185 4164 1327 4212 verba
1360 4164 1541 4213 afferat.
