3025 5067
1213 442 1335 504 187

263 651 597 737 quodque,
647 649 813 735 quod
859 651 1062 714 animo
1107 650 1392 726 offertur,
1442 648 1791 732 exploretur
1836 654 1896 711 et
1941 645 2177 708 ratione
2224 650 2286 706 et

263 793 380 855 per
432 792 634 834 rerum
695 769 1130 854 experientiam
1191 767 1468 832 sensibus
1486 817 1503 845 ‚
1570 765 1869 850 quidquid
1918 763 2143 829 dicitur
2187 762 2283 826 vel

262 889 616 954 ostenditur
659 889 835 953 facile
878 887 1369 973 redarguendum
1416 909 1480 950 se
1527 885 1803 971 praebet,
1854 907 2047 969 eoque
2078 904 2285 946 omnes

262 1009 471 1086 omni,
541 1016 612 1072 ut
664 1009 752 1072 ita
796 1008 993 1072 dicam
1012 1058 1030 1085 ,
1080 1007 1482 1092 ambiguitate
1530 1014 1589 1069 et
1636 1005 2005 1070 obscuritate
2050 1002 2282 1088 implet.

261 1129 344 1192 In
409 1129 633 1212 quibus
680 1128 870 1212 igitur
915 1151 1040 1192 non
1087 1127 1314 1191 assueti
1363 1148 1577 1190 sumus
1626 1125 1703 1189 ob
1752 1147 1993 1210 pravam
2042 1123 2288 1187 institu-

257 1249 492 1312 tionem
556 1270 764 1311 verum
827 1247 1191 1331 investigare
1207 1297 1225 1324 ,
1275 1246 1380 1310 sed
1429 1245 1649 1310 oblatis
1697 1266 1900 1309 rerum
1948 1241 2285 1306 simulacris

260 1367 540 1430 contenti
584 1388 796 1429 sumus
814 1415 832 1443 ,
879 1365 1054 1430 facile
1099 1365 1486 1430 ludificamur
1531 1364 1790 1428 invicem
1820 1360 2176 1445 interrogati
2208 1359 2283 1423 ab

266 1483 790 1569 interrogantibus
807 1533 825 1561 ,
891 1483 1116 1567 quibus
1179 1483 1438 1547 facultas
1501 1484 1582 1546 sit
1628 1489 1892 1566 quatuor
1936 1480 2045 1544 illa
2089 1477 2289 1542 discu-

267 1603 466 1668 tiendi
527 1610 589 1666 et
650 1602 964 1687 arguendi.
996 1691 1007 1701 .
1059 1602 1187 1666 Ubi
1231 1625 1372 1667 vero
1419 1603 1484 1665 in
1531 1600 1954 1686 respondendo
2002 1599 2287 1682 quintum

266 1723 430 1788 illud
477 1722 778 1806 explicare
825 1744 1068 1786 necesse
1115 1729 1238 1799 est,
1289 1723 1663 1806 quicumque
1708 1717 2089 1804 disceptandi
2136 1717 2289 1802 peri-

266 1851 376 1906 tus
441 1841 908 1925 [adversarium]
975 1841 1322 1904 subvertere
1386 1839 1532 1904 velit
1548 1889 1565 1916 ,
1630 1838 1817 1902 vincit
1866 1837 2167 1920 efficitque
2217 1841 2288 1898 ut

269 1962 326 2024 is
343 2010 364 2038 ,
413 1961 519 2044 qui
565 1959 838 2023 oratione
884 1958 980 2022 vel
1025 1959 1219 2022 literis
1266 1958 1361 2023 vel
1407 1958 1799 2044 responsione
1829 1980 1953 2021 rem
1988 1955 2290 2041 explicare

266 2078 453 2155 velit,
501 2077 809 2162 plerisque
855 2053 1239 2141 audientium
1285 2077 1442 2141 nihil
1490 2099 1699 2140 eorum
1763 2097 1919 2159 quae
1965 2074 2163 2138 dicere
2194 2072 2290 2136 vel

270 2196 538 2260 scribere
599 2195 951 2280 aggreditur
1011 2195 1352 2280 intelligere
1418 2195 1729 2259 videatur:
1780 2216 1931 2278 quos
1978 2193 2287 2256 interdum

267 2315 470 2398 fugit,
519 2337 643 2378 non
689 2321 970 2377 naturam
1004 2315 1302 2399 cuiusque
1335 2322 1602 2398 quatuor
1632 2315 1910 2390 illorum,
1946 2311 2052 2376 sed
2084 2312 2289 2397 potius

270 2435 549 2497 animum
596 2433 912 2500 scribentis
953 2433 1048 2496 vel
1079 2434 1387 2517 loquentis
1421 2435 1629 2518 argui,
1662 2434 1819 2498 male
1850 2456 1912 2497 se
1942 2432 2286 2496 habentem.

269 2553 605 2616 Discursus
650 2574 791 2616 vero
837 2575 946 2636 per
989 2553 1195 2616 omnia
1239 2553 1346 2616 illa
1391 2575 1634 2616 sursum
1681 2552 1966 2617 deorsum
1984 2602 2002 2630 ,
2046 2551 2291 2636 singula

270 2672 561 2756 deinceps
608 2671 924 2756 explorans
942 2721 960 2749 ,
999 2671 1098 2735 vix
1139 2671 1388 2736 tandem
1417 2672 1735 2736 scientiam
1766 2672 1963 2756 gignit
1994 2671 2289 2734 sinceram

269 2782 349 2856 iri'
397 2791 598 2855 animo
644 2790 878 2853 sincero
893 2816 912 2867 ς
962 2797 1024 2853 at
1071 2791 1121 2852 si
1169 2790 1306 2874 quis
1353 2791 1513 2854 mala
1558 2790 1764 2854 indole
1810 2792 1889 2855 sit
1936 2790 2248 2876 praeditus
2269 2840 2287 2868 ,

273 2911 622 2975 cuiusmodi
667 2917 760 2974 est
803 2910 1234 2994 plerorumque
1283 2912 1468 2975 animi
1513 2911 1750 2974 indoles
1795 2918 1922 2976 tam
1970 2910 2045 2974 ad
2074 2909 2293 2973 doctri-

272 3052 420 3094 nam
481 3051 663 3112 quam
711 3028 788 3092 ad
835 3051 1032 3092 mores
1048 3079 1066 3106 ,
1117 3030 1338 3114 partim
1387 3029 1568 3093 etiam
1615 3030 1666 3092 si
1712 3028 2145 3112 (institutione)
2192 3028 2295 3092 de-

277 3156 566 3236 pravatus
630 3148 742 3225 sit,
807 3147 1105 3211 eiusmodi
1165 3149 1412 3232 ingenia
1471 3171 1549 3211 ne
1595 3148 1876 3232 Lynceus
1926 3147 2171 3231 quidem
2222 3153 2293 3210 ut

275 3274 531 3334 cernant
591 3267 820 3330 efficere
881 3273 1102 3350 posset.
1197 3267 1287 3330 Ut
1343 3267 1693 3330 summatim
1755 3266 1987 3343 dicam,
2053 3266 2161 3350 qui
2204 3267 2294 3330 rei

276 3389 402 3473 ipsi
487 3386 590 3472 [de
651 3407 773 3470 qua
835 3385 1175 3470 quaeritur]
1240 3409 1364 3449 non
1436 3393 1732 3470 cognatus
1802 3384 1915 3463 sit,
1982 3407 2123 3448 eum
2184 3408 2295 3450 nec

349 3559 400 3620 2)
435 3558 590 3622 Vulgo
624 3561 673 3608 οὐ
705 3561 1063 3620 καταγέλαστοι,
1097 3557 1223 3620 quod
1257 3557 1296 3604 si
1329 3560 1565 3618 servatur,
1600 3556 1903 3606 enuntiatum
1926 3573 2011 3620 per
2033 3557 2295 3622 interroga-

279 3653 465 3702 tionem
499 3653 786 3701 efferendum
821 3656 907 3701 est.
1628 3651 1633 3657 “

351 3748 399 3808 3)
434 3747 588 3795 Verba
628 3747 695 3796 sic
729 3747 1080 3810 transponenda
1113 3747 1348 3806 arbitror,
1385 3751 1439 3796 ut
1473 3747 1622 3796 latine
1657 3748 1787 3798 dedi:
1828 3753 1911 3815 οὐχ
1950 3754 1978 3807 ἡ
2014 3759 2101 3800 τῶν
2135 3755 2296 3801 τεττά-

282 3864 372 3913 ρων
416 3845 541 3910 φύσις
583 3845 773 3893 ἑκάστου
807 3845 1064 3908 ἐλίγχεται,
1115 3841 1214 3892 ἀλλ’
1255 3848 1284 3900 ἡ
1330 3849 1448 3910 ψυχὴ
1482 3848 1562 3894 τοῦ
1591 3849 1731 3912 γράψ.
1768 3849 1797 3902 ἦ
1826 3847 1919 3904 Mt.
1958 3863 2061 3912 πεφ.
2104 3847 2293 3912 φαύλως.

283 3941 407 3988 Nam
458 3938 497 3986 si
545 3937 756 4002 imperiti
800 3953 828 3987 a
867 3939 1033 4002 peritis
1077 3939 1451 4005 redarguuntur,
1497 3955 1639 3993 causa
1683 3944 1756 3994 est
1801 3958 1897 3993 non
1932 3941 1981 3992 in
2014 3957 2095 4000 re,
2130 3941 2291 3990 sedin

284 4035 533 4084 hominum
570 4033 776 4084 inscitia.
