3025 5067
1670 408 1751 469 58

710 635 811 691 ραν
871 613 926 677 ἔν
987 638 1092 677 τινι
1151 615 1337 693 τρόπῳ
1399 615 1549 677 δοκεῖ
1596 612 1730 693 ζῆν,
1778 614 1840 677 h.
1890 637 1939 678 e.
1986 616 2131 678 satis
2176 617 2325 679 bene.
2421 616 2579 679 Dein
2626 622 2713 678 at·

709 732 1012 795 tendenda
1072 740 1164 796 est
1225 732 1442 795 dictio:
1507 734 1610 806 τὴν
1669 732 1971 808 ἐπιθυμίαν
2033 734 2136 805 την
2197 735 2489 799 Διονυσίου
2540 739 2713 813 φιλο-

709 852 918 932 σοφίας
972 852 1071 915 καὶ
1131 852 1396 923 παιδείαις
1464 854 1553 922 ὡς
1601 852 1765 931 ἔχοι
1812 851 2115 931 σφόδραε
2166 852 2443 915 additum
2488 852 2713 931 σφόδρα

706 968 1023 1033 obscuram
1067 970 1213 1033 facit
1256 968 1577 1033 verborum
1602 970 1983 1055 juncturam3
2031 969 2273 1033 dubites
2308 971 2468 1033 enim
2500 960 2712 1034 utrum

705 1088 958 1172 genitivi
989 1088 1290 1173 pendeant
1323 1111 1358 1151 a
1386 1111 1531 1152 voce
1562 1088 1867 1166 ἐπιθυμίαν
1898 1112 1975 1152 au
2007 1112 2042 1151 a
2064 1096 2351 1172 sequente
2382 1092 2453 1160 ὡς
2486 1089 2712 1169 σφόδρα

706 1206 849 1286 ἔχοι.
898 1206 1206 1271 Posterius
1252 1215 1412 1271 certe
1455 1207 1651 1271 voluit
1696 1208 1985 1292 scriptor,
2032 1206 2137 1271 sed
2167 1215 2239 1271 ut
2266 1215 2428 1271 recte
2460 1208 2711 1271 dixisset

705 1326 971 1421 παιδείας
1017 1328 1089 1397 ὥς
1136 1326 1294 1407 ἔχοι,
1341 1329 1611 1411 quomodo
1649 1349 1709 1390 se
1745 1328 1975 1389 haberet
2012 1329 2095 1390 ad
2120 1328 2469 1403 doctr-inam,
2505 1349 2711 1411 quem-

707 1444 1034 1509 admodum
1095 1450 1212 1517 πῶς
1276 1444 1401 1525 ἔχει
1415 1494 1432 1527 ,
1497 1442 1560 1509 εὖ
1620 1445 1747 1525 ἔχει
1804 1468 1941 1509 cum
1988 1445 2253 1530 genitivo
2294 1446 2475 1531 jungi
2520 1445 2707 1523 solet,

703 1565 790 1628 ita
849 1563 1090 1628 insolite
1153 1564 1372 1650 adjecit
1431 1562 1589 1627 illud
1648 1564 1919 1646 σφόδρα..
1998 1563 2214 1661 Inepta
2293 1562 2557 1647 deniqne
2618 1572 2711 1628 est

704 1682 1026 1747 verborum
1086 1682 1427 1767 copulatio:
1489 1684 1562 1752 ὡς
1616 1681 2040 1762 εὐπαρακλητοι
2102 1676 2209 1746 εἷεν
2270 1682 2405 1761 πρὸς
2463 1681 2560 1746 τὸν
2610 1682 2709 1745 ὑπ’

703 1803 844 1877 ἐμοῦ
890 1801 1199 1877 λεγόμενον
1245 1802 1334 1865 αεὶ
1381 1800 1599 1877 λόγον
1643 1802 1742 1865 καὶ
1788 1801 1963 1877 βίον.
2034 1800 2196 1864 Nam
2239 1802 2266 1865 ὃ
2312 1800 2403 1865 ἀεὶ
2436 1802 2536 1865 ὑπ’
2570 1804 2709 1876 ἐμοῦ

703 1918 1017 1997 λεγόμενος
1075 1918 1251 1996 λόγος
1311 1919 1474 1983 idem
1536 1926 1627 1982 est
1688 1927 1871 2002 atque
1925 1918 1953 1982 ὅ
2010 1921 2100 1984 ἀεὶ
2172 1919 2486 1998 λεγόμενος
2546 1920 2705 1995 βίοςε

701 2037 993 2121 iutelligit
1053 2060 1184 2101 eam
1243 2038 1429 2101 vitam
1493 2059 1677 2121 quam
1734 2036 1919 2100 'modo
1979 2038 2335 2102 memoravit
2380 2038 2585 2101 dicens
2633 2036 2707 2101 de

702 2156 994 2242 Dionysio
1011 2206 1029 2233 ,
1092 2157 1170 2227 εἷς
1234 2156 1540 2233 ἐπιθυμίαν
1606 2156 1785 2219 ἐλθεῖν
1854 2156 2027 2221 αὐτὸν
2093 2162 2193 2221 τοῦ
2246 2158 2565 2221 καλλίστου
2611 2156 2706 2219 καὶ

699 2274 932 2356 ἀρίστου
976 2274 1124 2353 βίου.
1216 2274 1432 2339 Dicere
1477 2282 1760 2359 potuerat
1804 2274 1899 2339 τὸν
1944 2274 2035 2339 cis)
2078 2289 2215 2352 λεγ.
2246 2274 2419 2351 λόγον
2450 2274 2575 2353 περὶ
2604 2282 2707 2340 τοῦ

701 2394 932 2471 ἀρίστου
977 2392 1136 2469 βίου,
1186 2392 1292 2456 sed
1335 2392 1508 2469 λόγος
1550 2392 1647 2457 καὶ
1678 2392 1803 2470 βίος
1835 2393 2040 2477 inepte
2070 2392 2454 2477 copulantur.
2503 2392 2707 2456 Etiam

703 2510 848 2575 alibi
892 2512 1096 2595 inepte
1140 2512 1310 2595 paria
1352 2511 1673 2576 verborum
1719 2518 2203 2595 componuntur,
2251 2511 2422 2575 velut
2466 2535 2526 2596 p.
2576 2514 2703 2575 325

702 2629 759 2691 D
777 2679 796 2707 ,
858 2628 966 2693 ubi
1024 2635 1142 2700 τοῖς
1201 2636 1310 2693 τῶν
1372 2630 1631 2708 πατέρων
1688 2630 1838 2703 ἤθεσι
1885 2630 1982 2693 καὶ
2029 2628 2477 2707 ἐπιτηδεύμασιν
2525 2652 2709 2715 oppo-

701 2753 937 2811 nuntur
991 2747 1074 2811 τα
1125 2754 1235 2811 τῶν
1289 2746 1506 2823 νόμων
1553 2748 1967 2827 γράμματα
2012 2746 2109 2811 καὶ
2158 2747 2306 2830 ἔθη,
2358 2770 2480 2832 quo
2527 2748 2709 2832 signi-

702 2866 866 2929 ficari
911 2865 1196 2929 videntur
1239 2867 1287 2931 οἱ
1333 2866 1487 2943 νόμοι
1519 2866 1617 2931 καὶ
1648 2865 1729 2931 τα
1775 2864 1865 2941 ἔθη
1884 2917 1902 2941 ,
1944 2868 2092 2947 leqes
2126 2868 2377 2949 scriptae
2415 2873 2476 2930 et
2504 2890 2703 2931 mores.

701 3006 761 3068 p.
818 2985 945 3047 328
1007 2984 1100 3047 D:
1169 2986 1284 3064 οὐχ
1333 2978 1578 3049 ’ὁπλιτῶν
1638 2982 1895 3061 δεόμενος
1940 2984 2053 3047 οὐδ’
2098 2981 2314 3048 ἵππεων
2342 3033 2356 3049 .
2386 3034 2401 3049 .
2431 3035 2446 3049 .
2477 3036 2491 3051 .
2539 2984 2707 3049 ἄλλα

702 3100 928 3178 λόγων
987 3104 1084 3167 καὶ
1149 3103 1454 3183 πειθοῦς,
1520 3124 1675 3185 quae
1720 3124 1936 3185 parum
1982 3108 2121 3187 apte
2156 3103 2504 3187 junguntur
2517 3129 2536 3181 3
2582 3126 2703 3167 me-

701 3219 820 3283 lius
881 3220 1082 3284 fuerat
1143 3221 1384 3301 διδαχῆς
1445 3220 1546 3285 καὶ
1610 3221 1850 3292 πειθοῦς.
1920 3219 2147 3284 Nostro
2201 3221 2334 3284 loco
2364 3222 2565 3285 =etiam
2602 3243 2707 3283 no-

701 3337 986 3415 tandum,
1034 3337 1286 3402 verbum
1331 3336 1767 3418 εὐπαρακλητος
1812 3338 1877 3401 in
1908 3336 2161 3401 Platone
2191 3360 2315 3401 non
2344 3338 2485 3423 legi.
2534 3338 2704 3419 Quid

701 3463 903 3521 autem
963 3455 1288 3519 dicendum
1342 3454 1417 3520 de
1478 3456 1591 3520 hac
1652 3464 1990 3520 structura:
2052 3456 2219 3528 ἐλπὶς
2282 3462 2453 3522 πᾶσα
2497 3460 2709 3523 ἀποτε-

699 3573 1039 3648 λεσθήσεται
1106 3580 1205 3638 τοῦ
1267 3575 1386 3638 κτὲ.
1449 3595 1559 3658 pro
1622 3596 1743 3658 quo
1804 3580 1965 3638 recte
2026 3573 2371 3658 Stephanus
2432 3575 2519 3639 sic
2581 3575 2705 3659 legi

700 3700 978 3779 oportere
1034 3693 1308 3756 monuit:
1366 3693 1534 3765 ἐλπὶς
1596 3696 1769 3758 παῖσα
1827 3693 2388 3769 ἀποτελεσθήσεσθαι
2443 3694 2509 3757 τὸ
2572 3695 2704 3765 τοὺς

701 3813 909 3882 αὐτοὺς
937 3861 950 3874 .
980 3860 995 3874 .
1023 3860 1038 3875 .
1087 3809 1381 3907 ξυμβῆναι
1421 3810 1776 3888 γενομένους.
1826 3810 2053 3875 Utrum
2090 3834 2232 3875 vero
2261 3810 2377 3874 hoc
2410 3812 2491 3875 sit
2522 3811 2703 3895 scrip·

699 3930 846 3994 toris
890 3929 1109 3993 vitium
1155 3952 1231 3991 an
1274 3928 1534 4006 librarii,
1583 3927 1915 4015 dijudicare
1960 3930 2060 3993 vix
2104 3930 2321 3993 ausim.

793 4047 965 4111 Talia
1025 4048 1164 4111 Dio.
1228 4047 1328 4111 Ad
1389 4048 1537 4111 haec
1582 4056 1939 4132 personatus
1990 4047 2167 4111 Plato
2219 4048 2495 4134 reponit,
2552 4070 2707 4133 quae

705 4164 1090 4232 difficultates
1147 4188 1210 4229 se
1256 4166 1330 4229 ab
1376 4166 1591 4229 itinere
1638 4166 2039 4244 deterrerent,
2087 4190 2147 4251 p.
2199 4169 2325 4230 328
2374 4166 2460 4229 B:
2508 4168 2613 4240 τὴν
2658 4168 2705 4231 δ’
