3025 5067
1670 416 1794 475 204

724 621 781 682 ἐν
824 628 897 699 τῇ
943 626 1117 701 ψυχῇ
1162 621 1461 699 γενόμενον
1498 622 1642 686 αὐτὸ
1677 622 1852 686 ἑαυτὸ
1899 622 1999 697 ἤδη
2044 621 2272 703 τρέφει.
2348 619 2532 701 Quod
2579 621 2738 686 dicit

723 736 1212 821 „philosophiam
1252 761 1376 804 non
1422 740 1579 803 sicut
1611 746 1836 803 ceteras
1868 737 2218 823 disciplinas
2263 738 2735 822 impertiendam

726 876 851 918 esse
912 854 1263 921 hominibus
1281 907 1298 935 ‚
1365 856 1470 920 sed
1520 880 1550 921 e
1589 856 1928 941 ‘multiplici
1983 851 2394 940 disputatione
2439 864 2500 920 et
2546 857 2737 940 longa

726 975 1164 1040 consuetudine
1246 976 1569 1062 derepente
1641 977 1812 1060 quasi
1886 998 1918 1039 e
1983 976 2242 1039 micante
2321 976 2448 1059 igni
2517 975 2736 1039 lumen

727 1115 1042 1157 accensum
1102 1095 1168 1158 in
1231 1096 1431 1159 animo
1500 1096 1646 1159 oriri
1713 1117 1781 1159 ac
1842 1094 2061 1158 deinde
2121 1117 2184 1157 se
2245 1094 2444 1179 ipsum
2498 1094 2655 1157 alere
2667 1092 2737 1170 ,''

726 1212 1027 1297 praeclara
1093 1213 1240 1278 haec
1287 1222 1378 1277 est
1438 1214 1738 1279 sententia
1794 1235 2040 1298 prorsus
2103 1236 2133 1277 e
2195 1213 2467 1277 Platonis
2521 1220 2736 1277 mente

726 1354 1028 1415 expressa3
1067 1332 1115 1415 ¹)
1175 1339 1237 1395 at
1290 1341 1493 1396 tamen
1552 1355 1676 1396 non
1737 1331 1954 1417 probat
2008 1331 2071 1395 id
2129 1330 2294 1414 quod
2341 1332 2536 1394 voluit
2583 1332 2736 1394 scri-

725 1456 897 1533 ptor,
958 1449 1095 1513 ideo
1156 1450 1314 1514 nihil
1374 1451 1554 1515 scribi
1608 1457 1924 1545 oportere·
1994 1450 2274 1534 Denique
2333 1450 2397 1513 in
2447 1448 2738 1534 Epistola

724 1567 855 1631 XII
916 1568 991 1631 ad
1052 1569 1381 1653 Archytam
1440 1569 1618 1633 Plato
1675 1568 1815 1632 huic
1871 1568 2092 1653 gratias
2138 1568 2262 1653 agit
2307 1590 2416 1653 pro
2463 1568 2735 1651 acceptis

724 1688 1166 1751 commentariis
1231 1694 1291 1751 et
1351 1688 1611 1751 vicissim
1674 1710 1814 1751 suos
1871 1688 1926 1752 ei
1969 1688 2242 1751 remittit.
2333 1686 2528 1750 Vocat
2571 1686 2734 1751 haec

723 1803 1119 1882 ὑπομνήματα
1136 1856 1152 1875 ,
1199 1806 1239 1869 i.
1275 1814 1325 1869 e.
1373 1806 1693 1870 memoriae
1739 1828 1919 1869 causa
1963 1812 2204 1883 notata,
2251 1827 2376 1869 non
2421 1804 2736 1869 destinata

723 1929 795 1986 ut
839 1922 1218 2006 evulgentur.

810 2039 1027 2124 Itaque
1066 2064 1138 2105 ex
1174 2041 1586 2126 Epistolarum
1621 2042 1812 2106 verbis
1857 2042 2246 2106 manifestum
2293 2049 2385 2105 est
2413 2042 2536 2105 duo
2569 2041 2732 2105 haec

722 2160 942 2223 statui:
991 2161 1283 2245 primum,
1333 2160 1650 2225 Platonem
1697 2161 2141 2245 philosophiam
2183 2184 2354 2225 suam
2384 2183 2506 2225 non
2539 2161 2736 2245 scrip-

720 2279 797 2341 tis
858 2280 1214 2363 explicuisse
1229 2330 1245 2357 ,
1310 2280 1415 2343 sed
1471 2281 1742 2366 dialogos
1801 2303 1952 2364 quos
1998 2280 2240 2365 scripsit
2285 2303 2412 2344 esse
2459 2302 2638 2365 opera
2695 2303 2733 2342 e

718 2396 1020 2461 Socratico
1066 2420 1231 2462 more
1276 2421 1554 2483 expressa
1599 2408 1659 2463 et
1704 2400 1890 2463 animi
1935 2421 2114 2462 causa
2153 2398 2486 2483 composita
2500 2424 2518 2474 3
2571 2398 2732 2461 alte—

720 2538 885 2594 rum,
937 2539 1072 2579 eum
1119 2516 1565 2602 philosophiam
1612 2526 1684 2581 ut
1731 2518 2043 2581 scientiam
2089 2516 2355 2607 abditam
2400 2538 2523 2580 non
2554 2516 2731 2582 evul-

719 2656 917 2718 gasse,
967 2634 1070 2698 sed
1116 2636 1277 2699 intra
1320 2635 1562 2699 scholae
1607 2636 1904 2701 cancellos
1951 2644 2012 2700 et
2055 2636 2442 2701 familiarium
2475 2644 2730 2700 coetum

718 2753 921 2817 contin
931 2755 1103 2817 uisse.
1168 2754 1260 2818 De
1305 2762 1566 2839 utroque
1597 2756 1745 2839 quid
1785 2754 2186 2841 judicandum
2218 2755 2298 2818 sit
2329 2762 2389 2819 et
2419 2762 2730 2838 quatenus

719 2895 858 2936 cum
902 2871 1173 2936 Platonis
1219 2882 1420 2938 mente
1467 2875 1786 2938 conveniat
1801 2924 1818 2951 ,
1869 2874 2304 2958 quaerendum.

805 2990 1106 3069 Primum,
1171 2992 1335 3076 quod
1396 2992 1708 3056 Platonem
1768 2992 2233 3077 praecipientem
2280 2992 2423 3056 facit
2469 2992 2542 3055 de
2587 2992 2734 3075 phi-

717 3108 995 3195 losophia
1023 3132 1145 3173 non
1178 3110 1368 3173 literis
1391 3109 1766 3187 mandanda,
1787 3109 1851 3173 id
1876 3111 2196 3175 manifesto
2221 3109 2600 3195 depromtum
2623 3119 2730 3174 est

720 3250 750 3291 e
796 3226 1106 3305 Phaedre,
1156 3228 1218 3291 in
1266 3230 1440 3293 cuius
1486 3236 1754 3294 extrema
1801 3240 1972 3314 parte
2003 3229 2276 3293 Socrates
2308 3228 2383 3292 de
2414 3228 2726 3293 scribendi

714 3367 829 3409 usu
884 3345 1178 3455 disserens
1225 3346 1402 3412 docet
1444 3345 1654 3425 λόγους
1701 3348 1958 3432 scriptos
2007 3347 2083 3411 ad
2129 3347 2483 3412 discendum
2527 3348 2725 3412 inuti-

714 3466 800 3529 les
847 3488 1007 3542 esse,
1058 3466 1283 3551 quippe
1331 3468 1438 3551 qui
1484 3490 1547 3531 se
1592 3468 1754 3553 ipsos
1801 3466 2183 3551 interpretari
2213 3474 2545 3551 nequeant;
2595 3468 2724 3530 uti-

712 3582 865 3646 liora
925 3606 1052 3647 esse
1098 3606 1253 3667 quae
1297 3586 1618 3649 memoriae
1665 3585 2038 3671 adjuvandae
2086 3586 2280 3670 gratia
2325 3584 2715 3663 scribuntur,

714 3704 1143 3780 ὑπομνήματα,
1208 3703 1431 3786 quibus
1489 3705 1556 3767 in
1618 3711 1929 3769 senectute
1975 3705 2112 3788 quis
2159 3711 2368 3768 utatur
2383 3730 2402 3781 3
2449 3704 2718 3788 optimos

715 3827 917 3883 autem
976 3822 1183 3895 λόγους
1230 3844 1357 3885 esse
1404 3823 1509 3906 qui
1554 3845 1678 3886 non
1723 3824 1788 3886 in
1834 3822 2043 3887 charta
2087 3821 2191 3886 sed
2236 3822 2305 3916 in
2346 3821 2716 3886 discentium

712 3939 927 4002 animis
988 3939 1365 4004 scribantur:
1435 3941 1631 4018 „tales
1677 3942 1834 4005 fetus
1881 3942 1988 4026 qui
2032 3940 2190 4025 parit
2204 3991 2222 4019 ‚
2280 3940 2381 4005 hic
2427 3941 2674 4005 demum
2690 3992 2712 4021 ‚

788 4185 827 4246 1)
864 4184 937 4233 cf.
972 4184 1029 4233 de
1063 4185 1181 4248 Rep.
1216 4184 1309 4243 IV,
1346 4200 1391 4249 p.
1427 4184 1521 4232 435
1560 4186 1628 4244 A,
1664 4187 1712 4233 et
1743 4184 1802 4233 ad
1837 4183 1884 4233 h.
1908 4184 1940 4232 1.
1975 4184 2079 4234 Ast.
2115 4183 2382 4235 Commeat.
2419 4200 2464 4250 p.
2497 4184 2612 4234 498.
