3025 5067
1323 375 1445 434 119

371 579 490 663 ligi
537 589 770 664 potest,
806 579 971 664 quod
1019 580 1179 644 idem
1225 581 1555 664 imperator
1601 580 1665 642 in
1712 579 1995 643 omnibus
2042 578 2389 642 civitatibus

375 721 532 780 quas
581 700 952 783 expugnavit
1017 698 1474 762 decemviralem
1524 704 1878 782 potestatem
1898 747 1916 776 ‚
1964 697 2387 775 δεκώδαιρχίοιν,

373 818 715 881 constituit.
757 821 801 903 ¹)
877 818 1050 900 Idem
1097 819 1240 882 fecit
1283 819 1347 882 in
1395 817 1609 880 Piraeo
1626 867 1643 896 ,
1692 817 1980 880 nimirum
2029 828 2099 879 ut
2144 823 2383 900 portum

371 936 575 1013 hunc,
641 959 762 1020 quo
825 945 1194 1002 commeatus
1258 936 1394 1000 urbi
1449 936 1847 1021 suppetebat,
1912 957 1983 998 eo
2045 935 2277 998 firmius
2324 935 2387 997 in

369 1078 486 1118 sua
515 1063 746 1118 teneret
775 1063 1093 1140 potestate.
1144 1056 1228 1119 Hi
1260 1055 1583 1120 doeemviri
1616 1077 1651 1118 a
1683 1054 2090 1139 Xenophonte
2135 1053 2260 1136 (II,
2310 1057 2351 1116 4
2370 1103 2387 1130 ,

379 1175 483 1257 19)
547 1182 836 1238 vocantur
896 1176 943 1239 οἱ
989 1176 1045 1238 ἐν
1091 1161 1348 1254 nemius?
1376 1175 1677 1254 ’ἄρχοντες
1723 1173 1877 1238 δέκα.
1972 1172 2200 1252 Quales
2250 1195 2388 1235 vero

364 1293 620 1356 fuerunt
678 1293 771 1357 1111
835 1293 1161 1357 undecim?
1251 1291 1529 1356 Fuerunt
1590 1293 1654 1355 hi
1702 1301 1863 1356 certe
1909 1291 2301 1375 magistratus
2350 1314 2385 1352 a
2480 1327 2485 1338 ·

366 1411 555 1473 XXX
603 1411 744 1474 viris
791 1412 1009 1489 creati3
1058 1435 1232 1489 nam,
1285 1412 1549 1496 ut'dicit
1596 1411 1941 1495 Xenophon
1987 1410 2086 1488 II,
2137 1413 2173 1473 3
2198 1459 2215 1487 ,
2271 1413 2385 1486 11,

364 1531 412 1592 οἱ
475 1529 784 1609 τριάκοντα
844 1532 949 1604 τὴν
1008 1531 1224 1607 βουλὴν
1284 1529 1382 1594 καὶ
1444 1532 1576 1602 τὰς
1638 1529 1877 1603 ἄλλοις
1931 1531 2166 1610 ἀρχὰς
2217 1529 2389 1593 κατέ-

364 1673 596 1722 στησαν
639 1651 711 1720 ὡς
757 1649 929 1713 ἐδόκει
977 1652 1207 1721 aba-ok:
1271 1651 1336 1712 in
1398 1650 1494 1712 his
1556 1656 1717 1713 certe
1762 1651 2011 1714 fuerunt
2056 1653 2103 1714 οἱ
2150 1647 2383 1726 ἕνδεκα,

365 1767 479 1850 qui
527 1767 676 1830 adeo
722 1767 930 1832 decem
974 1767 1097 1831 illis
1143 1791 1267 1832 non
1308 1769 1565 1847 ¹fuerunt
1595 1768 1897 1852 dignitate
1930 1791 2122 1852 pares,
2186 1767 2387 1848 Quae-

363 1908 510 1948 nam
580 1893 786 1950 autem
855 1894 1002 1950 sunt
1064 1909 1317 1950 munera
1377 1909 1533 1970 quae
1600 1887 1876 1971 Epistola
1948 1887 2217 1970 utrisque
2285 1887 2387 1950 tri-

363 2003 548 2066 buit?
579 2004 794 2067 διοικεῖν
825 2004 906 2068 τὰ
937 2005 1061 2085 περὶ
1093 2006 1196 2079 τὴν
1225 2005 1446 2084 ἀγορὰν
1476 2005 1575 2069 καὶ
1608 2007 1689 2070 τὰ
1720 2007 1879 2071 κατὰ
1909 2005 1991 2070 τὰ
2022 2003 2175 2080 ἄστη
2194 2055 2211 2086 ,
2239 2005 2300 2068 11.
2330 2029 2381 2068 6.

361 2144 500 2209 eam
560 2129 956 2206 potestatem,
1023 2145 1205 2206 quam
1264 2123 1574 2200 ὦστύνομοι
1640 2133 1699 2186 et
1760 2121 2101 2202 ἀγοράνομοι
2151 2135 2271 2185 tam
2320 2123 2382 2186 in

359 2240 516 2303 urbe
577 2262 756 2323 quam
823 2241 886 2304 in
947 2249 1128 2325 portu
1193 2263 1464 2305 exercere
1530 2241 1839 2318 solebant,
1889 2255 1959 2304 ut
2004 2239 2277 2304 ordinem
2323 2250 2384 2303 et

360 2357 749 2443 disciplinam
796 2366 1115 2424 tuerentur
1130 2410 1147 2438 ,
1197 2357 1419 2424 delicta
1463 2360 1663 2444 palam
1710 2341 2027 2424 commissa
2058 2361 2345 2444 punirent
2362 2410 2379 2437 ,

361 2477 504 2540 alia.
540 2477 586 2561 2)
670 2477 806 2541 Hoc
851 2479 1086 2542 neutris
1131 2479 1376 2542 illorum
1425 2479 1725 2542 convenit.
1820 2477 2101 2541 Vidimus
2150 2478 2380 2542 decem-

362 2597 525 2658 viros
585 2597 652 2659 in
711 2597 925 2664 Piraeo
987 2600 1186 2662 vocari
1245 2597 1539 2680 ἄρχονταις
1602 2601 1658 2662 ἐν
1720 2605 1997 2678 Πειραιεῖ,
2062 2621 2217 2682 quae
2280 2623 2381 2684 po-

357 2723 551 2790 testas
620 2701 812 2780 maior
880 2725 972 2780 est
1040 2726 1102 2782 et
1161 2718 1346 2783 latius
1407 2725 1575 2802 patet
1636 2740 1819 2800 quam
1878 2723 1989 2781 τῶν
2049 2718 2380 2794 oio-‘tondum

362 2843 426 2898 et
493 2843 604 2900 τῶν
665 2836 1059 2916 ἀγορανόμων.
1156 2837 1571 2901 Undecimviri
1635 2845 1837 2900 autem
1883 2836 1989 2919 qui
2036 2835 2147 2899 sub
2196 2835 2378 2898 XXX

361 2955 508 3016 viris
585 2954 772 3018 fuisse
839 2963 1289 3033 memorantur,
1353 2955 1535 3040 plane
1594 2955 1779 3018 iidem
1841 2961 1986 3018 sunt
2048 2953 2382 3037 eodemque

361 3094 613 3136 munere
664 3074 894 3150 functi,
946 3096 1069 3156 quo
1124 3074 1238 3137 sub
1289 3073 1657 3137 democratia
1694 3080 1818 3136 tam
1859 3079 1999 3134 ante
2038 3094 2219 3154 quam
2245 3078 2381 3155 post

357 3190 517 3253 illud
585 3198 826 3276 tempus
880 3193 1055 3276 fungi
1110 3192 1416 3256 solebant:
1474 3203 1647 3255 erant
1694 3183 2081 3274 magistratus
2130 3190 2238 3274 (1111
2282 3213 2380 3253 611-

357 3309 577 3373 rabant
623 3310 940 3375 damnatos
984 3312 1050 3374 in
1095 3311 1340 3374 vincula
1383 3310 1791 3395 conjiciendos
1834 3315 1893 3372 et
1925 3308 2225 3393 supplicio
2260 3309 2379 3372 affi-

430 3496 478 3557 1)
542 3497 649 3546 Vid.
712 3497 988 3554 Hermann,
1051 3495 1300 3544 Lehrbuch
1359 3495 1442 3542 der
1492 3493 1682 3543 Griech.
1734 3493 2086 3542 Staatsalterth.
2140 3495 2161 3552 §
2198 3492 2290 3549 39,
2327 3491 2372 3543 7.

358 3593 439 3640 Cf.
484 3583 684 3655 Taylor,
726 3592 811 3641 vit.
852 3591 1046 3655 Lysiae,
1081 3607 1128 3655 p.
1171 3591 1276 3639 136.
1343 3589 1545 3647 Errant,
1593 3589 1675 3653 qui
1710 3588 2003 3638 decemviros
2038 3605 2065 3636 a
2100 3588 2225 3636 XXX
2263 3588 2375 3636 viris

357 3687 608 3736 institutos
640 3703 742 3736 esse
775 3687 1055 3751 opinantur,
1099 3690 1153 3734 ut
1214 3683 1379 3734 Freret
1434 3685 1482 3732 11.
1539 3702 1585 3748 p.
1631 3684 1760 3732 246:
1815 3669 2140 3742 „Theramene
2188 3687 2236 3730 et
2272 3683 2375 3731 Cri-

357 3782 515 3843 „tias.
537 3819 576 3830 ..
624 3779 1018 3832 nommerent...
1063 3797 1179 3830 onze
1223 3782 1493 3844 magistrats
1540 3780 1619 3843 qui
1664 3779 1856 3828 avaient
1908 3795 2019 3827 sous
2052 3779 2180 3827 leurs
2215 3779 2377 3827 ordi-es

360 3877 809 3937 „l’administration
855 3877 913 3925 (16
959 3878 1006 3924 la
1051 3877 1186 3935 ville,
1223 3883 1271 3924 et
1306 3877 1385 3925 dix
1420 3877 1498 3940 qui
1537 3875 1724 3924 avaient
1758 3875 1874 3924 celle
1910 3876 1973 3923 du
2008 3873 2195 3923 Piree?
2254 3876 2375 3924 Item

357 3975 539 4031 Grote,
575 3973 702 4022 Hist.
739 3973 794 4020 of
824 3973 1026 4030 Greeee,
1063 3971 1171 4022 Vol.
1208 3973 1345 4022 VIII.
1381 3989 1427 4036 p.
1465 3973 1579 4021 239.

430 4069 480 4130 2)
531 4068 771 4118 Describit
805 4069 973 4117 horum
1019 4068 1230 4117 officium
1265 4069 1404 4118 Plato
1439 4069 1496 4116 de
1532 4068 1679 4132 Legg.
1714 4067 1805 4126 vl,
1845 4067 1922 4116 10.
1991 4067 2067 4116 cf.
2102 4068 2375 4126 Hermann,

354 4164 640 4223 Lehrbuch,
673 4169 696 4226 ς
730 4164 854 4222 150,
894 4165 1101 4213 10-12.
