3025 5067
1276 432 1397 493 217

315 637 631 717 γράψαντο
664 638 745 701 τὰ
770 638 975 717 ῥηθέντ’
1016 638 1478 714 αἰνιγματωδῶς,
1504 640 1577 708 ὡς
1599 639 1808 718 ἐρρήθη.
1835 638 1879 720 ¹)
1926 636 2060 700 Illis
2091 658 2234 699 vero
2259 636 2346 698 in-

317 755 689 839 terpretibus
732 754 1101 838 antiquitate
1140 755 1404 819 multum
1439 761 1750 841 praestant
1779 754 2126 855 Epistolae3
2161 776 2350 838 quare

320 896 539 959 operae
594 875 853 960 pretium
910 880 1001 937 est
1050 874 1355 958 inquirere
1427 874 1578 958 quid
1623 873 1764 938 fidei
1811 874 2025 939 harum
2082 874 2349 938 testimo-

322 993 428 1057 nio
474 993 555 1056 sit
599 992 973 1057 habendum.
1068 991 1215 1057 Non
1280 1002 1369 1057 est
1424 1000 1628 1057 autem
1677 992 1862 1057 huius
1909 992 2058 1070 loci,
2109 1014 2347 1058 omnem

324 1111 483 1175 hanc
529 1111 947 1195 quaestionem
967 1161 985 1188 ‚
1036 1133 1189 1196 opus
1240 1110 1482 1175 difficile
1529 1119 1590 1175 et
1623 1110 1882 1175 arduum
1901 1161 1918 1189 ,
1954 1118 2317 1196 pertractare
2330 1138 2346 1189 ;

322 1238 647 1295 contentus
710 1252 811 1294 ero
831 1280 849 1307 ,
915 1228 1082 1314 quod
1142 1230 1454 1314 proposito
1515 1252 1652 1294 meo
1714 1230 1939 1294 sufficit
1953 1280 1972 1309 ,
2028 1229 2348 1293 afferendis

322 1348 399 1413 iis
462 1372 615 1433 quae
672 1348 835 1433 apud
882 1347 1379 1432 antiquissimum
1427 1355 1645 1413 testem
1661 1397 1678 1425 ,
1735 1347 2126 1412 Aristotelem
2175 1347 2311 1411 dieo
2328 1398 2344 1425 ,

322 1468 400 1531 de
446 1467 741 1548 ἀγράφοις
794 1466 918 1531 11115
964 1474 1399 1532 memorantur.

415 1585 658 1649 Primus
697 1586 797 1649 hic
832 1586 899 1649 in
936 1607 1186 1651 censum
1210 1586 1378 1649 venit
1404 1586 1578 1649 106115
1603 1584 1952 1649 Aristotelis
1975 1584 2159 1669 Phys.
2179 1584 2291 1662 IV,
2310 1588 2346 1646 2

326 1729 385 1791 p.
460 1708 587 1768 209
652 1705 727 1769 B.
821 1704 1047 1770 Brand.
1068 1754 1086 1782 ,
1135 1706 1246 1769 ubi
1292 1705 1367 1769 de
1418 1704 1617 1790 spat-io
1664 1704 1921 1789 loquens
1969 1705 2118 1767 haec
2164 1703 2346 1767 dicit:

326 1823 579 1889 Πλάτων
634 1826 736 1899 τὴν
793 1821 932 1899 ὕλην
992 1825 1091 1889 xm}
1152 1826 1254 1899 τὴν
1312 1824 1512 1904 χώραν
1581 1822 1766 1889 ταύτό
1833 1832 2010 1903 φησιν
2078 1819 2221 1888 εἶναι
2290 1825 2351 1889 ἐν

324 1946 405 2023 τῷ
466 1945 701 2024 Τιμοοίῳ
721 1964 736 1979 ·
796 1944 863 2008 τὸ
926 1944 1045 2023 γὰρ
1106 1948 1550 2020 μεταληπτικὸν
1613 1944 1712 2008 καὶ
1759 1945 1863 2018 τὴν
1909 1945 2104 2023 χώραν
2149 1941 2207 2006 ἓν
2253 1942 2350 2005 κοιὶ

325 2062 537 2126 ταύτόν
564 2082 579 2097 ·
644 2060 826 2126 ἄλλον
886 2062 943 2125 δὲ
1005 2062 1211 2142 τρόπον
1274 2063 1396 2127 ἐκεῖ
1452 2087 1521 2127 τε
1567 2062 1758 2139 λέγων
1801 2060 1870 2126 τὸ
1915 2061 2354 2139 μεταληπτικὸν

328 2180 426 2245 καὶ
488 2181 545 2244 ἐν
600 2188 747 2252 τοῖς
792 2180 1211 2257 λεγομένοις
1262 2178 1634 2261 ἀγράφοις
1687 2180 2068 2257 δόγμασιν.
2130 2178 2352 2257 „Plato

328 2299 638 2363 materiem
686 2306 747 2362 et
792 2300 1061 2383 spatium
1108 2298 1271 2363 idem
1320 2321 1449 2363 esse
1496 2298 1649 2363 dicit
1693 2299 1759 2363 in
1796 2298 2079 2362 Timaeo:
2115 2320 2250 2361 nam
2285 2298 2352 2361 τὸ

323 2420 769 2493 μετκληπτικὸν
833 2427 893 2481 et
954 2419 1225 2504 spatium
1268 2440 1466 2483 unum
1515 2418 1804 2503 idemque
1850 2417 2034 2482 dicit:
2083 2425 2350 2481 ceterum

326 2536 444 2598 hoe
502 2534 866 2601 vocabulum
931 2536 1369 2612 μεταληπτικὸν
1408 2536 1530 2599 alio
1579 2558 1763 2600 sensu
1806 2536 1870 2599 in
1917 2535 2163 2601 Timaeo
2179 2585 2198 2613 ,
2232 2534 2352 2598 alio

325 2656 393 2719 in
429 2662 548 2725 τοῖς
592 2653 885 2734 οὶγροὶφοις
928 2655 1246 2739 usurpat.''
1273 2655 1323 2739 ²)
1398 2654 1594 2719 Addit
1632 2663 1751 2726 τοῖς
1791 2655 2124 2733 λεγομένοις
2140 2707 2159 2730 ‚
2202 2654 2350 2738 quid

326 2775 445 2837 hoc
506 2773 850 2858 significat?
911 2796 1062 2838 num
1129 2774 1277 2838 hoe:
1343 2797 1493 2860 quae
1553 2775 1828 2839 Platonis
1870 2796 1989 2839 esse
2023 2774 2350 2859 servantur,

324 2916 440 2957 non
486 2901 676 2957 tamen
720 2900 856 2956 sunt
872 2894 906 2955 ?
952 2916 1030 2956 an
1077 2894 1313 2978 potius:
1362 2916 1509 2979 quae
1554 2895 1658 2957 hoc
1701 2894 1875 2957 titulo
1913 2893 2306 2957 inscribuntur
2325 2943 2342 2970 ,

329 3034 455 3097 quo
494 3011 800 3076 indicetur
830 3011 1117 3097 dogmata
1146 3012 1265 3076 ista
1294 3034 1415 3077 non
1435 3062 1453 3089 ,
1489 3020 1562 3075 ut
1604 3011 1907 3097 dialogOS,
1942 3011 2018 3076 ab
2048 3012 2182 3096 ipso
2214 3011 2350 3075 Pla-

328 3142 473 3196 tone
519 3132 711 3196 literis
756 3131 1042 3197 mandata
1091 3139 1149 3195 et
1198 3132 1443 3217 vulgata
1489 3154 1651 3208 esse,
1702 3131 1808 3195 sed
1841 3130 1916 3195 ab
1948 3131 2082 3195 aliis
2115 3153 2186 3194 ex
2219 3130 2348 3195 eius

400 3464 446 3524 1)
481 3463 708 3511 Veterum
754 3462 1074 3527 interpretum
1111 3462 1240 3512 locos
1274 3464 1331 3511 de
1366 3463 1455 3511 hoc
1489 3468 1773 3528 argumento
1809 3463 2005 3528 collegit
2038 3468 2087 3513 et
2119 3464 2352 3528 explicuit

332 3556 611 3607 Brandisius
661 3558 710 3605 in
759 3557 975 3606 Diatribe
1029 3557 1086 3607 de
1133 3558 1333 3623 perditis
1366 3558 1568 3607 Aristot.
1616 3558 1726 3607 libr.
1774 3560 1832 3607 de
1867 3559 1996 3609 Ideis
2031 3562 2078 3607 et
2112 3559 2168 3609 de
2212 3560 2350 3608 Bono

333 3654 573 3715 (Bonnae,
613 3654 783 3714 1813„
817 3654 1096 3703 retractavit
1131 3654 1544 3718 Trendelenburg‚
1581 3654 1765 3705 Platon.
1799 3630 1857 3704 de
1903 3655 2030 3705 Ideis
2078 3659 2128 3705 et
2160 3657 2219 3705 de
2252 3658 2352 3705 Nu-

330 3750 475 3801 meris
511 3749 662 3799 doctr.
698 3766 755 3798 ex
790 3750 991 3799 Aristot.
1024 3750 1271 3800 illustrata
1304 3750 1538 3815 (Lipsiae,
1578 3750 1744 3813 1826).

400 3847 447 3905 1)
482 3846 674 3909 Spectat
707 3845 868 3895 locum
906 3846 1117 3895 Platonis
1153 3846 1362 3904 Timaei,
1395 3862 1443 3909 p.
1480 3846 1708 3905 48-51,
1744 3862 1883 3909 quem
1917 3862 2061 3910 supra
2081 3847 2243 3912 attigi,
2271 3848 2354 3897 ubi

334 3940 550 4005 loquitur
583 3942 641 3990 de
674 3942 964 3999 materie,
1000 3958 1145 4006 quam
1179 3945 1318 3990 vocat-
1350 3949 1541 4011 μητέρα
1574 3947 1655 3994 τοῦ
1685 3946 1926 4005 αἰσθητοῦ,
1960 3957 2079 4005 quae
2113 3942 2240 3991 ideas
2275 3946 2355 4004 (τὰ

336 4041 490 4097 νοητὰ)
525 4035 573 4085 111
610 4053 659 4085 se
692 4036 894 4102 suscipit
928 4044 977 4085 et
1010 4037 1077 4086 ita
1111 4042 1173 4087 τὰ
1210 4039 1361 4106 ὁρατὰ
1394 4041 1626 4101 procreat.
1696 4036 1888 4087 Dicitur
1921 4037 2002 4087 illa
2035 4040 2357 4106 μεταλαμβά-

336 4153 425 4185 νιιν
467 4138 548 4185 τοῦ
586 4138 741 4190 νοητοῦ
788 4138 857 4198 (p.
903 4134 963 4183 51
1010 4135 1101 4193 A),
1150 4132 1273 4181 unde
1307 4132 1366 4181 ab
1400 4133 1659 4182 Aristotele
1693 4138 1891 4182 vocatur
1921 4139 1978 4185 τὸ
2008 4138 2356 4199 μεταληπτικὸν.

338 4228 522 4279 Locum
556 4229 831 4279 Aristotelis
864 4230 1019 4293 tangit
1049 4228 1353 4287 Brundisino,
1387 4244 1433 4293 p.
1470 4228 1532 4276 25
1569 4244 1671 4295 sqq.
