3025 5067
1656 367 1779 428 158

701 570 866 636 πόλιν
905 573 1276 652 ἐλευθεροῖ,
1324 575 1533 649 τιμὴν
1578 573 1735 655 αὐτῷ
1780 573 1879 639 καὶ
1927 574 2079 651 γένει
2124 575 2417 661 ἀείζωον
2465 577 2596 642 ἀντὶ
2632 602 2735 641 τυ-

696 691 939 771 ραννίδος
979 691 1264 774 ἐφημέρου
1312 692 1409 756 καὶ
1457 692 1653 758 ἀδίκου
1700 694 2003 770 κτώμενος.
2068 693 2184 759 Ille
2224 652 2549 781 Syiacusas
2592 696 2729 780 qui-

697 811 834 874 dem
874 833 911 874 a
956 810 1223 896 Callippi
1267 811 1678 876 dominatione
1717 812 1998 878 liberavit
2010 863 2029 892 ,
2074 813 2179 877 sed
2202 814 2387 900 hujus
2420 814 2555 878 loco
2589 815 2729 900 ipse

694 929 1013 1014 occupavit
1056 929 1471 1014 tyrannidem,
1523 953 1678 1014 quae
1723 931 1961 1018 imperii
2007 933 2268 997 mutatio
2306 956 2455 1000 num
2482 933 2725 999 civibus

695 1047 964 1114 multum
1019 1048 1350 1132 profuerit,
1413 1057 1507 1113 est
1553 1048 1719 1136 quod
1766 1049 2009 1115 dubites
2026 1100 2045 1128 ‚
2090 1052 2143 1114 si
2196 1051 2347 1136 legis
2398 1051 2727 1116 *Plutarchi

697 1164 878 1230 verba
952 1165 1017 1230 in
1090 1166 1504 1245 Timoleonte,
1570 1191 1621 1232 c.
1689 1171 1761 1232 1:
1823 1169 1989 1234 Ἐπεὶ
2048 1169 2201 1234 Δίων
2259 1171 2365 1248 μὲν
2427 1169 2726 1246 ἕξέλασας

698 1284 986 1352 Διονύσιον
1031 1285 1126 1348 τὸν
1171 1284 1434 1365 τύραννον
1481 1287 1641 1358 εὐθὺς
1687 1285 1915 1368 ἀνῃρέθη
1963 1286 2107 1368 δόλῳ
2122 1337 2141 1366 ,
2190 1287 2289 1352 καὶ
2332 1287 2640 1363 διέστησαν
2670 1289 2725 1352 οἱ

694 1402 798 1466 σὺν
854 1402 1024 1471 Δίωνι
1063 1404 1477 1483 Συρακουσίους
1518 1405 2027 1488 ἐλευθερώσαντες,
2070 1409 2103 1482 ἡ
2144 1407 2211 1470 δὲ
2249 1405 2451 1478 πόλις
2490 1406 2718 1473 ἄλλον

695 1519 768 1596 ἐξ
833 1521 1054 1586 ἄλλου
1118 1523 1661 1600 μεταβαλοῦσα
1720 1525 2047 1616 τύραννον
2102 1524 2512 1610 (Callippum,
2561 1525 2721 1610 Hip-

698 1639 1012 1725 parinum,
1062 1639 1373 1726 Nysaeum
1390 1691 1410 1720 ‚
1457 1641 1823 1727 Dionysium
1868 1644 2185 1728 minorem)
2232 1644 2365 1710 ὑπὸ
2404 1645 2721 1719 πλήθους

695 1763 923 1823 κακῶν
967 1759 1207 1839 μικρὸν
1253 1759 1614 1825 ἀπέλιπεν
1661 1761 1917 1842 ἔρημος
1964 1759 2143 1834 εἶναι
2189 1763 2328 1828 κτὲ.
2399 1761 2621 1848 Itaque
2652 1763 2723 1826 in

699 1877 864 1940 omni
923 1877 1038 1941 hac
1098 1879 1444 1944 narratione
1509 1880 1895 1964 agnoscimus
1910 1878 1923 1890 ”
1957 1879 2261 1944 rhetorem
2304 1901 2416 1966 pro
2464 1880 2722 1946 arbitrio

698 2019 792 2059 res
839 2003 1163 2081 augentem
1210 1996 1305 2060 vel
1349 1997 1746 2062 minuentem.

784 2233 1155 2298 Referuntur
1198 2235 1380 2298 etiam
1427 2235 1721 2318 quaedam
1771 2257 1804 2298 e
1850 2235 2123 2320 priorum
2154 2243 2499 2320 temporum
2526 2236 2719 2300 histo-

695 2353 788 2416 ria
830 2375 1028 2438 neque
1076 2360 1352 2418 accurate
1397 2376 1597 2439 neque
1644 2377 1675 2418 e
1720 2361 1923 2418 mente
1967 2352 2261 2418 Platonis,
2336 2353 2710 2418 Huiusmodi

698 2481 842 2536 sunt
887 2495 1042 2557 quae
1086 2474 1151 2537 in
1197 2471 1474 2558 Epistola
1521 2473 1682 2552 VH,
1734 2497 1792 2560 p.
1850 2477 1973 2538 332
1996 2523 2015 2552 ,
2073 2473 2149 2539 de
2193 2473 2368 2537 Darii
2414 2495 2599 2557 regno
2650 2481 2713 2537 et

698 2591 772 2655 de
837 2591 1216 2656 Athenarum
1259 2593 1607 2678 principatu
1653 2592 2040 2678 dicuntur.1)
2132 2592 2413 2676 Dionysii
2458 2593 2706 2656 maioris

696 2710 1018 2795 imperium
1080 2718 1387 2795 comparat
1447 2733 1585 2774 cum
1632 2711 1804 2775 Darii
1850 2733 2038 2795 regno
2087 2719 2146 2774 et
2192 2733 2331 2774 cum
2379 2709 2714 2775 Athenien·

698 2829 856 2891 sium
931 2828 1272 2913 principatu
1295 2878 1313 2906 ‚
1389 2850 1650 2911 quorum
1708 2828 1821 2892 hos
1896 2827 2217 2894 immodice
2294 2827 2569 2907 extollit,
2643 2829 2713 2894 il-

695 2945 828 3010 lum
871 2945 1174 3030 deprimit.
1222 2946 1416 3010 Totus
1464 2947 1563 3010 hic
1608 2946 1779 3011 locus
1837 2969 2154 3032 expressus
2203 2955 2295 3011 est
2340 2970 2372 3011 e
2416 2947 2710 3026 Platone,

697 3065 803 3128 sed
862 3065 982 3142 ita,
1048 3075 1118 3128 ut
1178 3065 1244 3129 in
1297 3065 1485 3130 altero
1533 3065 1969 3152 philosophum
1985 3117 2004 3144 ‚
2053 3067 2117 3130 in
2164 3066 2354 3130 altero
2401 3066 2709 3133 rhetorem

694 3182 870 3247 facile
917 3205 1226 3268 agnoscas.
1317 3183 1494 3248 Plato
1543 3183 1753 3270 (Legg.
1794 3184 1936 3262 III,
1970 3208 2029 3270 p.
2067 3187 2193 3248 694
2226 3188 2381 3270 sqq.)
2412 3195 2709 3269 tanquam

695 3301 1002 3386 exempla,
1046 3302 1303 3367 alterum
1347 3304 1717 3392 δεσποτείας,
1758 3303 2017 3368 alterum
2048 3305 2385 3385 ἐλευθερίας,
2420 3305 2709 3389 proponit

693 3445 948 3507 regnum
1007 3423 1328 3488 Persarum
1381 3430 1443 3487 et
1488 3424 1924 3508 rempublicam
1970 3423 2477 3502 Atheniensium,
2527 3433 2600 3488 ut
2643 3425 2711 3488 in

696 3539 790 3602 his
850 3540 1238 3618 ostendatur,
1305 3541 1528 3624 quibus
1590 3542 1789 3606 causis
1850 3541 2126 3605 civitates
2188 3549 2461 3606 crescant
2517 3551 2578 3606 et
2622 3541 2710 3606 la-

695 3658 936 3724 bantur.
1028 3657 1256 3723 Nost-er
1319 3659 1494 3724 ambo
1556 3660 1704 3724 haec
1758 3661 2012 3745 imperia
2066 3668 2375 3746 comparat
2426 3683 2567 3726 cum
2621 3669 2711 3746 ty-

693 3777 946 3841 rannide
1004 3777 1316 3862 Dionysii,
1374 3787 1444 3842 ut
1491 3786 1792 3862 quantum
1848 3779 1994 3843 haec
2042 3779 2163 3842 illis
2218 3780 2467 3844 inferior
2524 3780 2714 3843 fuerit

695 3904 998 3980 appareat.
1106 3895 1270 3960 'Palis
1340 3899 1711 3982 comparatio
1778 3905 2150 3982 quantopere
2193 3877 2519 3975 claudicet,
2572 3899 2711 3982 quis

766 4152 812 4214 1)
848 4153 1084 4202 Disseruit
1117 4153 1176 4202 de
1209 4153 1299 4203 hoc
1333 4153 1438 4204 loco
1474 4154 1726 4214 Salomon,
1761 4154 1813 4204 ll.
1847 4170 1895 4218 p.
1934 4155 2013 4204 18.
