3025 5067
1600 359 1682 419 38

719 564 834 628 His
895 566 1182 650 expositis
1243 564 1400 629 redit
1446 564 1522 627 ad
1579 563 1939 647 Dionysium
1957 613 1975 640 ,
2046 585 2227 647 quem
2271 563 2493 627 iterum
2539 584 2631 624 os-

629 684 826 748 tendit
870 707 993 748 non
1039 684 1297 747 ductum
1340 684 1527 746 fuisse
1566 704 1766 746 amore
1795 682 2254 768 philosophiae3
2302 682 2354 745 si
2382 681 2630 758 fuisset,

633 810 750 875 πῶς
787 802 860 868 ἂν
904 807 988 879 μὴ
1033 804 1370 880 θαυμαστὸς
1415 802 1486 867 ὢν
1532 802 1813 880 ἄνθρωπος
1857 800 1953 866 τὸν
1992 802 2253 879 ἡγεμόνα
2289 798 2631 868 τούτωνκαὶ

631 922 808 1001 κύριον
840 921 957 1004 (his
989 920 1184 984 verbis
1219 943 1282 983 se
1312 920 1515 1004 ipsum
1548 919 1866 1003 significat)
1897 916 2069 988 οὕτως
2104 920 2351 999 εὐχερῶς
2384 917 2637 995 ἠτίμασέ

635 1042 765 1103 ποτ’
815 1038 921 1115 ἂνς
970 1038 1102 1103 Hac
1149 1045 1353 1102 autem
1400 1038 1466 1101 in
1511 1044 1681 1122 parte
1728 1060 1833 1121 spe
1878 1037 2205 1100 frustratus
2247 1036 2505 1100 alterum
2537 1058 2639 1099 ne-

635 1158 871 1242 gotium
902 1157 1268 1241 aggreditur.
1317 1154 1542 1219 Narrat
1572 1178 1723 1239 quas
1754 1155 2059 1219 molestias
2090 1154 2435 1239 pertulerit,
2482 1176 2637 1237 quos

633 1277 868 1341 labores
915 1276 1274 1361 impenderit
1317 1283 1388 1339 ut
1433 1275 1693 1339 Dionem
1739 1276 1982 1359 tyranni
2026 1276 2092 1339 in
2137 1276 2393 1359 gratiam
2434 1297 2641 1339 recon-

635 1394 868 1458 ciliaret
883 1443 901 1471 ,
951 1416 1134 1488 quam
1179 1394 1404 1478 perfide
1449 1415 1588 1458 vero
1636 1401 1697 1457 et
1740 1394 1967 1480 injuste
2012 1394 2116 1459 ille
2160 1393 2417 1459 Dionem
2462 1394 2641 1458 bonis

637 1513 764 1576 suis
825 1511 1172 1597 spoliaverit
1181 1538 1200 1589 ;
1256 1520 1389 1575 tum
1434 1512 1645 1576 multis
1691 1512 1888 1576 verbis
1936 1513 2183 1596 exponit
2228 1512 2600 1576 simultatem
2617 1561 2637 1590 ,

631 1632 861 1716 jurgia,
931 1632 1068 1694 lites
1135 1630 1278 1694 inde
1346 1630 1462 1695 sibi
1530 1652 1669 1694 cum
1733 1630 2026 1715 Dionysio
2088 1638 2249 1695 ortas
2268 1679 2287 1708 ,
2352 1652 2507 1713 quae
2567 1652 2639 1694 eo

641 1754 958 1812 evaserunt
1004 1754 1075 1811 ut
1122 1753 1425 1833 postremo
1471 1770 1536 1811 re
1582 1748 1805 1812 infecta
1852 1725 2120 1813 Siciliam
2167 1748 2496 1847 reliquerit.

726 1866 803 1929 In
863 1866 1350 1950 Peloponnesum
1406 1866 1644 1929 delatus
1691 1864 2009 1951 Olympiae
2054 1866 2337 1930 convenit
2379 1865 2641 1931 Dionem

638 1985 704 2048 in
773 1984 932 2047 bello
1003 1984 1112 2047 adv
1120 2006 1286 2047 ersus
1355 1993 1681 2068 tyrannum
1751 1984 2019 2068 parando
2087 1990 2451 2068 occupatum
2468 2034 2485 2062 ,
2542 1983 2645 2047 cui

639 2110 874 2181 tamen,
923 2102 1146 2187 pietate
1193 2102 1422 2165 scilicet
1468 2125 1610 2187 erga
1654 2102 2019 2187 Dionysium
2063 2103 2285 2167 ductus
2301 2153 2321 2181 ,
2370 2102 2515 2187 quia
2543 2102 2644 2166 hic

643 2244 834 2305 quum
881 2220 1149 2285 occidere
1195 2243 1259 2284 se
1305 2221 1606 2306 potuisset
1650 2221 1715 2284 id
1760 2244 1883 2286 non
1929 2222 2167 2287 fecisset
2212 2224 2293 2307 (p.
2342 2224 2469 2285 350
2512 2222 2640 2307 O.),

641 2339 787 2404 belli
833 2339 1065 2403 socium
1111 2362 1174 2403 se
1219 2339 1548 2425 adjungere
1592 2347 1849 2404 recusat.
1920 2341 2095 2405 Bella
2138 2363 2281 2405 sane
2314 2342 2639 2405 excusatio.

642 2457 759 2521 His
823 2457 1002 2521 dictis
1063 2457 1308 2543 subjicit
1367 2457 1569 2522 denuo
1630 2458 1847 2523 Dionis
1906 2458 2320 2523 laudationem
2335 2508 2353 2537 ,
2416 2460 2481 2522 in
2521 2480 2645 2542 qua

639 2599 850 2642 rursus
895 2578 961 2640 in
1007 2576 1315 2641 verbosam
1363 2576 1861 2642 declamationem
1916 2578 1990 2642 de
2036 2578 2210 2663 probi
2255 2578 2401 2642 civis
2448 2578 2642 2643 officio

643 2694 964 2759 delabitur.
1029 2695 1340 2758 Postremo
1392 2695 1847 2759 commiseratur
1891 2696 2063 2759 triste
2106 2695 2273 2760 illius
2319 2697 2544 2760 fatum:
2600 2691 2643 2779 ᾧ

641 2813 706 2885 δὴ
754 2812 1008 2893 σφαλεὶς
1053 2820 1271 2890 κεῖται,
1320 2813 1593 2878 Σικελίαν
1639 2815 1822 2878 πένθει
1854 2814 2179 2894 περιβαλὼν
2209 2815 2405 2895 μυρίῳ.
2465 2813 2644 2878 Clau-

643 2930 736 2993 dit
783 2930 1097 3015 epistolam
1143 2931 1394 2995 lectores
1438 2932 1771 3010 monendO,
1820 2932 1968 2997 haec
2014 2932 2217 2997 omnia
2262 2956 2324 2996 se
2364 2933 2645 2997 retulisse

639 3050 734 3114 διὰ
780 3050 895 3121 τὴν,
927 3050 1176 3113 οὶτοπίαν
1222 3048 1321 3113 καὶ
1367 3049 1620 3127 ἀλογίαν
1664 3056 1773 3115 τῶν
1812 3049 2125 3127 γενομένων
2174 3050 2641 3135 (1.λεγομε’νων),

640 3176 886 3255 propter
933 3168 1226 3233 absurdos
1274 3169 1368 3232 his
1415 3169 1490 3233 de
1535 3169 1717 3233 rebus
1761 3192 2050 3233 rumores,
2113 3169 2337 3234 Addit:
2371 3172 2419 3235 εἰ
2450 3170 2496 3234 δ’
2526 3170 2644 3251 ἄρα

641 3287 747 3352 τινὶ
807 3287 890 3352 τοὶ
949 3292 1044 3351 νῦν
1089 3287 1321 3368 ῥηθέντα
1367 3288 1729 3366 εὐλογώτερα
1768 3286 1953 3365 ἐφάνη
1999 3287 2097 3352 καὶ
2144 3288 2461 3371 προφάσεις
2506 3288 2642 3365 πρὸς

646 3406 728 3491 τα
785 3406 1072 3481 γενόμενα
1129 3406 1334 3478 ἱκανὰς
1393 3406 1551 3485 ἔχειν
1603 3404 1755 3482 ἔδοξέ
1798 3431 1912 3487 τῳ,
1960 3406 2198 3487 μετρίως
2244 3405 2317 3474 ἂν
2364 3410 2499 3485 ἡμῖν
2542 3405 2641 3470 καὶ

648 3525 850 3594 ἱκανῶς
896 3522 980 3599 εἴη
1025 3524 1106 3588 τα
1150 3529 1245 3588 νῦν
1289 3524 1571 3605 εἰρημένα.

736 3760 832 3825 En
893 3760 1182 3845 epistolae
1234 3768 1644 3845 conspectum.
1735 3760 1776 3823 J
1778 3784 1874 3825 am
1920 3761 2085 3845 quod
2138 3762 2204 3825 in
2250 3763 2417 3826 omni
2466 3764 2647 3847 scrip-

649 3878 845 3955 tione,
892 3878 1149 3942 maxime
1194 3902 1334 3943 vero
1379 3879 1445 3941 in
1491 3879 1781 3963 epistola,
1825 3880 2089 3964 primum
2134 3880 2509 3964 postulatur,
2557 3888 2647 3945 est

648 4004 718 4060 ut
764 3996 1073 4081 proposito
1134 3997 1214 4060 sit
1257 4004 1677 4060 consentanea.
1770 3996 1865 4060 De
1911 3997 2028 4061 hoc
2074 3998 2265 4081 igitur
2313 3998 2643 4063 videamus,

739 4114 954 4181 Dionis
1017 4115 1226 4194 amici,
1275 4122 1515 4179 mortuo
1562 4115 1716 4179 duce
1763 4122 1823 4179 et
1866 4122 2095 4180 rectore
2112 4166 2131 4193 ,
2179 4118 2421 4183 civitate
2463 4118 2644 4182 intes-

1579 4322 1605 4345 ι’
