<?xml version="1.0" encoding="UTF-8"?>
<!DOCTYPE html PUBLIC "-//W3C//DTD XHTML 1.0 Transitional//EN"
    "http://www.w3.org/TR/xhtml1/DTD/xhtml1-transitional.dtd">
<html xmlns="http://www.w3.org/1999/xhtml" xml:lang="en" lang="en">
 <head>
  <title>
</title>
<meta http-equiv="Content-Type" content="text/html;charset=utf-8" />
  <meta name='ocr-system' content='tesseract 3.04.00' />
  <meta name='ocr-capabilities' content='ocr_page ocr_carea ocr_par ocr_line ocrx_word'/>
</head>
<body>
  <div class='ocr_page' id='page_1' title='image "./commentatiocrit02karsgoog_0043.png"; bbox 0 0 3025 5067; ppageno 0'>
   <div class='ocr_carea' id='block_1_1' title="bbox 1313 369 1396 431">
    <p class='ocr_par' dir='ltr' id='par_1_1' title="bbox 1313 369 1396 431">
     <span class='ocr_line' id='line_1_1' title="bbox 1313 369 1396 431; baseline 0.024 -2"><span class='ocrx_word' id='word_1_1' title='bbox 1313 369 1396 431; x_wconf 80' lang='lat'>23</span> 
     </span>
    </p>
   </div>
   <div class='ocr_carea' id='block_1_2' title="bbox 335 576 2365 3743">
    <p class='ocr_par' dir='ltr' id='par_1_2' title="bbox 335 576 2365 2440">
     <span class='ocr_line' id='line_1_2' title="bbox 433 576 2363 662; baseline 0 -23"><span class='ocrx_word' id='word_1_2' title='bbox 433 577 714 662; x_wconf 75' lang='lat' dir='ltr'>Epistola</span> <span class='ocrx_word' id='word_1_3' title='bbox 773 576 866 639; x_wconf 86' lang='lat' dir='ltr'>VI</span> <span class='ocrx_word' id='word_1_4' title='bbox 927 577 1004 639; x_wconf 89' lang='lat' dir='ltr'>ad</span> <span class='ocrx_word' id='word_1_5' title='bbox 1063 587 1184 640; x_wconf 87' lang='lat' dir='ltr'>tres</span> <span class='ocrx_word' id='word_1_6' title='bbox 1242 579 1495 661; x_wconf 87' lang='lat' dir='ltr'>juvenes</span> <span class='ocrx_word' id='word_1_7' title='bbox 1505 626 1524 654; x_wconf 92' lang='lat'>,</span> <span class='ocrx_word' id='word_1_8' title='bbox 1574 576 1922 653; x_wconf 89' lang='lat' dir='ltr'>Hermiam,</span> <span class='ocrx_word' id='word_1_9' title='bbox 1970 576 2253 640; x_wconf 87' lang='lat' dir='ltr'>Erastum</span> <span class='ocrx_word' id='word_1_10' title='bbox 2303 584 2363 639; x_wconf 86' lang='lat' dir='ltr'>et</span> 
     </span>
     <span class='ocr_line' id='line_1_3' title="bbox 344 694 2365 778; baseline 0 -21"><span class='ocrx_word' id='word_1_11' title='bbox 344 694 696 771; x_wconf 86' lang='lat' dir='ltr'>Coriscum,</span> <span class='ocrx_word' id='word_1_12' title='bbox 760 716 914 778; x_wconf 88' lang='lat' dir='ltr'>quos</span> <span class='ocrx_word' id='word_1_13' title='bbox 961 695 1258 759; x_wconf 79' lang='lat' dir='ltr'>amicitiae</span> <span class='ocrx_word' id='word_1_14' title='bbox 1302 702 1364 758; x_wconf 93' lang='lat' dir='ltr'>et</span> <span class='ocrx_word' id='word_1_15' title='bbox 1409 694 1757 758; x_wconf 85' lang='lat' dir='ltr'>studiorum</span> <span class='ocrx_word' id='word_1_16' title='bbox 1802 694 2047 757; x_wconf 88' lang='lat' dir='ltr'>vinculo</span> <span class='ocrx_word' id='word_1_17' title='bbox 2092 695 2252 757; x_wconf 87' lang='lat' dir='ltr'>inter</span> <span class='ocrx_word' id='word_1_18' title='bbox 2298 717 2365 758; x_wconf 91' lang='grc'>56</span> 
     </span>
     <span class='ocr_line' id='line_1_4' title="bbox 342 812 2359 896; baseline 0 -21"><span class='ocrx_word' id='word_1_19' title='bbox 342 812 664 876; x_wconf 86' lang='lat' dir='ltr'>conciliare</span> <span class='ocrx_word' id='word_1_20' title='bbox 725 812 967 890; x_wconf 86' lang='lat' dir='ltr'>studet,</span> <span class='ocrx_word' id='word_1_21' title='bbox 1032 820 1092 875; x_wconf 92' lang='lat' dir='ltr'>et</span> <span class='ocrx_word' id='word_1_22' title='bbox 1151 812 1279 875; x_wconf 72' lang='lat' dir='ltr'>Xma</span> <span class='ocrx_word' id='word_1_23' title='bbox 1324 812 1402 875; x_wconf 90' lang='lat' dir='ltr'>ad</span> <span class='ocrx_word' id='word_1_24' title='bbox 1447 812 1876 877; x_wconf 87' lang='lat' dir='ltr'>Aristodorum</span> <span class='ocrx_word' id='word_1_25' title='bbox 1920 812 2137 875; x_wconf 85' lang='lat' dir='ltr'>missae</span> <span class='ocrx_word' id='word_1_26' title='bbox 2183 814 2359 896; x_wconf 88' lang='lat' dir='ltr'>quasi</span> 
     </span>
     <span class='ocr_line' id='line_1_5' title="bbox 343 929 2358 1017; baseline 0 -24"><span class='ocrx_word' id='word_1_27' title='bbox 343 931 620 1014; x_wconf 83' lang='lat' dir='ltr'>exemplo</span> <span class='ocrx_word' id='word_1_28' title='bbox 668 932 1030 1009; x_wconf 85' lang='lat' dir='ltr'>ostendunt,</span> <span class='ocrx_word' id='word_1_29' title='bbox 1081 931 1246 1015; x_wconf 89' lang='lat' dir='ltr'>quod</span> <span class='ocrx_word' id='word_1_30' title='bbox 1293 934 1549 1017; x_wconf 73' lang='lat' dir='ltr'>scriptor</span> <span class='ocrx_word' id='word_1_31' title='bbox 1594 932 1903 1016; x_wconf 78' lang='lat' dir='ltr'>Epistulae</span> <span class='ocrx_word' id='word_1_32' title='bbox 1946 929 2075 995; x_wconf 86' lang='lat' dir='ltr'>VII</span> <span class='ocrx_word' id='word_1_33' title='bbox 2098 931 2358 995; x_wconf 88' lang='lat' dir='ltr'>Dionem</span> 
     </span>
     <span class='ocr_line' id='line_1_6' title="bbox 342 1049 2360 1135; baseline 0.001 -24"><span class='ocrx_word' id='word_1_34' title='bbox 342 1050 488 1112; x_wconf 87' lang='lat' dir='ltr'>facit</span> <span class='ocrx_word' id='word_1_35' title='bbox 547 1050 623 1112; x_wconf 92' lang='lat' dir='ltr'>de</span> <span class='ocrx_word' id='word_1_36' title='bbox 683 1049 936 1114; x_wconf 89' lang='lat' dir='ltr'>Platone</span> <span class='ocrx_word' id='word_1_37' title='bbox 995 1050 1479 1135; x_wconf 79' lang='lat' dir='ltr'>praedicantem,</span> <span class='ocrx_word' id='word_1_38' title='bbox 1530 1051 1698 1133; x_wconf 91' lang='lat' dir='ltr'>quod</span> <span class='ocrx_word' id='word_1_39' title='bbox 1746 1051 1970 1115; x_wconf 89' lang='lat' dir='ltr'>valeret</span> <span class='ocrx_word' id='word_1_40' title='bbox 2022 1052 2204 1114; x_wconf 78' lang='grc' dir='ltr'><em>πειθοῖ</em></span> <span class='ocrx_word' id='word_1_41' title='bbox 2242 1051 2360 1127; x_wconf 75' lang='grc' dir='ltr'>μοὶ-</span> 
     </span>
     <span class='ocr_line' id='line_1_7' title="bbox 345 1166 2359 1249; baseline 0 -18"><span class='ocrx_word' id='word_1_42' title='bbox 345 1182 527 1233; x_wconf 73' lang='grc' dir='ltr'><em>λιστα</em></span> <span class='ocrx_word' id='word_1_43' title='bbox 571 1170 887 1247; x_wconf 69' lang='grc' dir='ltr'><em>ἀνθρώπους</em></span> <span class='ocrx_word' id='word_1_44' title='bbox 935 1166 1082 1240; x_wconf 84' lang='grc' dir='ltr'><em>νέους</em></span> <span class='ocrx_word' id='word_1_45' title='bbox 1148 1170 1225 1232; x_wconf 77' lang='grc' dir='ltr'>’πὶ</span> <span class='ocrx_word' id='word_1_46' title='bbox 1273 1170 1354 1233; x_wconf 73' lang='grc' dir='ltr'>τὰ</span> <span class='ocrx_word' id='word_1_47' title='bbox 1397 1170 1604 1245; x_wconf 69' lang='grc' dir='ltr'>ὦγαθοὶ</span> <span class='ocrx_word' id='word_1_48' title='bbox 1648 1170 1743 1233; x_wconf 74' lang='grc' dir='ltr'>καὶ</span> <span class='ocrx_word' id='word_1_49' title='bbox 1792 1170 1989 1234; x_wconf 65' lang='grc' dir='ltr'>δίκαια,</span> <span class='ocrx_word' id='word_1_50' title='bbox 2034 1170 2359 1249; x_wconf 77' lang='grc' dir='ltr'>προτρέπων</span> 
     </span>
     <span class='ocr_line' id='line_1_8' title="bbox 347 1287 2355 1373; baseline 0.001 -24"><span class='ocrx_word' id='word_1_51' title='bbox 347 1288 424 1356; x_wconf 77' lang='grc' dir='ltr'>εἷς</span> <span class='ocrx_word' id='word_1_52' title='bbox 470 1287 679 1367; x_wconf 67' lang='grc' dir='ltr'><em>Φιλίαν</em></span> <span class='ocrx_word' id='word_1_53' title='bbox 727 1312 793 1351; x_wconf 82' lang='grc' dir='ltr'>τε</span> <span class='ocrx_word' id='word_1_54' title='bbox 839 1289 938 1351; x_wconf 68' lang='lat' dir='ltr'>xx)</span> <span class='ocrx_word' id='word_1_55' title='bbox 985 1289 1266 1367; x_wconf 69' lang='grc' dir='ltr'><em>ἑταιρείαν</em></span> <span class='ocrx_word' id='word_1_56' title='bbox 1296 1289 1577 1362; x_wconf 69' lang='grc' dir='ltr'><em>ἀλλήλοις</em></span> <span class='ocrx_word' id='word_1_57' title='bbox 1608 1289 1949 1353; x_wconf 68' lang='grc' dir='ltr'><em>καθιστάναι</em></span> <span class='ocrx_word' id='word_1_58' title='bbox 1982 1290 2064 1373; x_wconf 89' lang='lat' dir='ltr'>(p.</span> <span class='ocrx_word' id='word_1_59' title='bbox 2101 1290 2228 1351; x_wconf 79' lang='lat'>328</span> <span class='ocrx_word' id='word_1_60' title='bbox 2255 1288 2355 1371; x_wconf 91' lang='lat' dir='ltr'>D).</span> 
     </span>
     <span class='ocr_line' id='line_1_9' title="bbox 343 1404 2358 1490; baseline 0.001 -23"><span class='ocrx_word' id='word_1_61' title='bbox 343 1404 422 1469; x_wconf 91' lang='lat' dir='ltr'>In</span> <span class='ocrx_word' id='word_1_62' title='bbox 484 1413 744 1489; x_wconf 85' lang='lat' dir='ltr'>utraque</span> <span class='ocrx_word' id='word_1_63' title='bbox 804 1406 1200 1470; x_wconf 87' lang='lat' dir='ltr'>inveniuntur</span> <span class='ocrx_word' id='word_1_64' title='bbox 1245 1406 1580 1470; x_wconf 88' lang='lat' dir='ltr'>sententiae</span> <span class='ocrx_word' id='word_1_65' title='bbox 1626 1428 1782 1489; x_wconf 90' lang='lat' dir='ltr'>quae</span> <span class='ocrx_word' id='word_1_66' title='bbox 1826 1407 1890 1469; x_wconf 89' lang='lat' dir='ltr'>in</span> <span class='ocrx_word' id='word_1_67' title='bbox 1938 1406 2065 1469; x_wconf 83' lang='lat' dir='ltr'>VII</span> <span class='ocrx_word' id='word_1_68' title='bbox 2112 1429 2358 1490; x_wconf 90' lang='lat' dir='ltr'>quoque</span> 
     </span>
     <span class='ocr_line' id='line_1_10' title="bbox 341 1523 2354 1608; baseline 0.001 -21"><span class='ocrx_word' id='word_1_69' title='bbox 341 1531 492 1587; x_wconf 88' lang='lat' dir='ltr'>sunt</span> <span class='ocrx_word' id='word_1_70' title='bbox 553 1523 784 1587; x_wconf 90' lang='lat' dir='ltr'>obviae.</span> <span class='ocrx_word' id='word_1_71' title='bbox 879 1526 977 1589; x_wconf 89' lang='lat' dir='ltr'>Ita</span> <span class='ocrx_word' id='word_1_72' title='bbox 1037 1525 1356 1601; x_wconf 81' lang='lat' dir='ltr'>Hermiae,</span> <span class='ocrx_word' id='word_1_73' title='bbox 1414 1525 1627 1608; x_wconf 89' lang='lat' dir='ltr'>juveni</span> <span class='ocrx_word' id='word_1_74' title='bbox 1688 1524 1915 1603; x_wconf 91' lang='lat' dir='ltr'>nobili,</span> <span class='ocrx_word' id='word_1_75' title='bbox 1963 1535 2035 1588; x_wconf 87' lang='lat' dir='ltr'>ut</span> <span class='ocrx_word' id='word_1_76' title='bbox 2080 1525 2354 1604; x_wconf 87' lang='lat' dir='ltr'>videtur,</span> 
     </span>
     <span class='ocr_line' id='line_1_11' title="bbox 343 1626 2361 1729; baseline 0.001 -24"><span class='ocrx_word' id='word_1_77' title='bbox 343 1650 406 1705; x_wconf 89' lang='lat' dir='ltr'>et</span> <span class='ocrx_word' id='word_1_78' title='bbox 453 1665 596 1705; x_wconf 89' lang='lat' dir='ltr'>suae</span> <span class='ocrx_word' id='word_1_79' title='bbox 643 1643 904 1707; x_wconf 85' lang='lat' dir='ltr'>civitatis</span> <span class='ocrx_word' id='word_1_80' title='bbox 953 1642 1246 1727; x_wconf 87' lang='lat' dir='ltr'>principi,</span> <span class='ocrx_word' id='word_1_81' title='bbox 1295 1643 1450 1707; x_wconf 89' lang='lat' dir='ltr'>nihil</span> <span class='ocrx_word' id='word_1_82' title='bbox 1497 1642 1690 1727; x_wconf 89' lang='lat' dir='ltr'>pluris</span> <span class='ocrx_word' id='word_1_83' title='bbox 1724 1642 2167 1709; x_wconf 87' lang='lat' dir='ltr'>aestimandum</span> <span class='ocrx_word' id='word_1_84' title='bbox 2193 1626 2361 1729; x_wconf 85' lang='lat' dir='ltr'>prae·</span> 
     </span>
     <span class='ocr_line' id='line_1_12' title="bbox 339 1760 2355 1844; baseline 0.002 -21"><span class='ocrx_word' id='word_1_85' title='bbox 339 1762 492 1844; x_wconf 88' lang='lat' dir='ltr'>cipit</span> <span class='ocrx_word' id='word_1_86' title='bbox 539 1761 571 1836; x_wconf 77' lang='grc' dir='ltr'>ἢ</span> <span class='ocrx_word' id='word_1_87' title='bbox 625 1764 839 1834; x_wconf 76' lang='grc' dir='ltr'><em>πλῆθος</em></span> <span class='ocrx_word' id='word_1_88' title='bbox 891 1764 1080 1844; x_wconf 80' lang='grc' dir='ltr'><em>Φίλων</em></span> <span class='ocrx_word' id='word_1_89' title='bbox 1139 1762 1402 1839; x_wconf 74' lang='grc' dir='ltr'><em>βεβαίων</em></span> <span class='ocrx_word' id='word_1_90' title='bbox 1447 1786 1515 1825; x_wconf 87' lang='grc' dir='ltr'>τε</span> <span class='ocrx_word' id='word_1_91' title='bbox 1563 1761 1661 1825; x_wconf 72' lang='grc' dir='ltr'>καὶ</span> <span class='ocrx_word' id='word_1_92' title='bbox 1714 1760 1836 1837; x_wconf 71' lang='grc' dir='ltr'>ἦθος</span> <span class='ocrx_word' id='word_1_93' title='bbox 1882 1761 2133 1842; x_wconf 81' lang='grc' dir='ltr'><em>ἑχόντων</em></span> <span class='ocrx_word' id='word_1_94' title='bbox 2180 1764 2355 1839; x_wconf 70' lang='grc' dir='ltr'><em>ὑγιές.</em></span> 
     </span>
     <span class='ocr_line' id='line_1_13' title="bbox 335 1880 2356 1965; baseline 0.001 -22"><span class='ocrx_word' id='word_1_95' title='bbox 335 1880 512 1944; x_wconf 87' lang='lat' dir='ltr'>Idem</span> <span class='ocrx_word' id='word_1_96' title='bbox 562 1880 779 1944; x_wconf 89' lang='lat' dir='ltr'>suadet</span> <span class='ocrx_word' id='word_1_97' title='bbox 825 1880 937 1965; x_wconf 84' lang='lat' dir='ltr'>Ep.</span> <span class='ocrx_word' id='word_1_98' title='bbox 987 1880 1150 1958; x_wconf 82' lang='lat' dir='ltr'>VII,</span> <span class='ocrx_word' id='word_1_99' title='bbox 1199 1904 1257 1965; x_wconf 90' lang='lat' dir='ltr'>p.</span> <span class='ocrx_word' id='word_1_100' title='bbox 1307 1883 1434 1944; x_wconf 84' lang='lat'>331</span> <span class='ocrx_word' id='word_1_101' title='bbox 1484 1880 1537 1943; x_wconf 88' lang='lat' dir='ltr'>E</span> <span class='ocrx_word' id='word_1_102' title='bbox 1580 1887 1639 1944; x_wconf 92' lang='lat' dir='ltr'>et</span> <span class='ocrx_word' id='word_1_103' title='bbox 1695 1884 1822 1944; x_wconf 79' lang='lat'>332</span> <span class='ocrx_word' id='word_1_104' title='bbox 1884 1880 1952 1945; x_wconf 86' lang='lat' dir='ltr'>C.</span> <span class='ocrx_word' id='word_1_105' title='bbox 2050 1880 2356 1946; x_wconf 85' lang='lat' dir='ltr'>Notabilis</span> 
     </span>
     <span class='ocr_line' id='line_1_14' title="bbox 339 1998 2358 2082; baseline 0.001 -21"><span class='ocrx_word' id='word_1_106' title='bbox 339 2020 590 2082; x_wconf 89' lang='lat' dir='ltr'>quoque</span> <span class='ocrx_word' id='word_1_107' title='bbox 622 2021 772 2062; x_wconf 86' lang='lat' dir='ltr'>usus</span> <span class='ocrx_word' id='word_1_108' title='bbox 803 1999 1085 2063; x_wconf 78' lang='lat' dir='ltr'>vocabuli</span> <span class='ocrx_word' id='word_1_109' title='bbox 1115 2000 1293 2079; x_wconf 84' lang='grc' dir='ltr'><em>κύριος</em></span> <span class='ocrx_word' id='word_1_110' title='bbox 1327 2021 1386 2082; x_wconf 91' lang='lat' dir='ltr'>p.</span> <span class='ocrx_word' id='word_1_111' title='bbox 1423 2001 1550 2062; x_wconf 76' lang='lat'>323</span> <span class='ocrx_word' id='word_1_112' title='bbox 1594 1998 1643 2062; x_wconf 86' lang='lat' dir='ltr'>O</span> <span class='ocrx_word' id='word_1_113' title='bbox 1667 1998 1726 2061; x_wconf 93' lang='lat' dir='ltr'>D</span> <span class='ocrx_word' id='word_1_114' title='bbox 1750 1999 1816 2063; x_wconf 89' lang='lat' dir='ltr'>in</span> <span class='ocrx_word' id='word_1_115' title='bbox 1839 2000 2068 2077; x_wconf 71' lang='grc' dir='ltr'><em>πατέρα</em></span> <span class='ocrx_word' id='word_1_116' title='bbox 2092 1999 2271 2079; x_wconf 83' lang='grc' dir='ltr'><em>κύριον</em></span> <span class='ocrx_word' id='word_1_117' title='bbox 2297 2008 2358 2064; x_wconf 89' lang='lat' dir='ltr'>et</span> 
     </span>
     <span class='ocr_line' id='line_1_15' title="bbox 338 2116 2355 2201; baseline 0 -21"><span class='ocrx_word' id='word_1_118' title='bbox 338 2119 592 2198; x_wconf 72' lang='grc' dir='ltr'><em>χρῆσθαι</em></span> <span class='ocrx_word' id='word_1_119' title='bbox 649 2116 889 2199; x_wconf 65' lang='grc' dir='ltr'><em>ξυνθήκῃ</em></span> <span class='ocrx_word' id='word_1_120' title='bbox 949 2123 1046 2182; x_wconf 74' lang='grc' dir='ltr'>καὶ</span> <span class='ocrx_word' id='word_1_121' title='bbox 1111 2120 1262 2197; x_wconf 81' lang='grc' dir='ltr'><em>νόμῳ</em></span> <span class='ocrx_word' id='word_1_122' title='bbox 1315 2118 1504 2197; x_wconf 82' lang='grc' dir='ltr'><strong><em>κυρίῳ,</em></strong></span> <span class='ocrx_word' id='word_1_123' title='bbox 1564 2117 1729 2201; x_wconf 92' lang='lat' dir='ltr'>quod</span> <span class='ocrx_word' id='word_1_124' title='bbox 1775 2139 1967 2201; x_wconf 86' lang='lat' dir='ltr'>aeque</span> <span class='ocrx_word' id='word_1_125' title='bbox 2013 2119 2355 2200; x_wconf 85' lang='lat' dir='ltr'>quaesitum</span> 
     </span>
     <span class='ocr_line' id='line_1_16' title="bbox 339 2235 2351 2321; baseline 0.001 -23"><span class='ocrx_word' id='word_1_126' title='bbox 339 2242 529 2318; x_wconf 89' lang='lat' dir='ltr'>atque</span> <span class='ocrx_word' id='word_1_127' title='bbox 574 2235 690 2321; x_wconf 87' lang='lat' dir='ltr'>Ep.</span> <span class='ocrx_word' id='word_1_128' title='bbox 739 2235 931 2314; x_wconf 89' lang='lat' dir='ltr'>VIII,</span> <span class='ocrx_word' id='word_1_129' title='bbox 982 2260 1040 2321; x_wconf 89' lang='lat' dir='ltr'>p.</span> <span class='ocrx_word' id='word_1_130' title='bbox 1091 2239 1219 2300; x_wconf 77' lang='lat'>354</span> <span class='ocrx_word' id='word_1_131' title='bbox 1259 2236 1342 2300; x_wconf 88' lang='lat' dir='ltr'>C:</span> <span class='ocrx_word' id='word_1_132' title='bbox 1376 2236 1543 2315; x_wconf 77' lang='grc' dir='ltr'><em>νόμος</em></span> <span class='ocrx_word' id='word_1_133' title='bbox 1574 2237 1766 2312; x_wconf 68' lang='grc' dir='ltr'><em>ἐπειδὴ</em></span> <span class='ocrx_word' id='word_1_134' title='bbox 1788 2237 1970 2318; x_wconf 84' lang='grc' dir='ltr'><em>κύριος</em></span> <span class='ocrx_word' id='word_1_135' title='bbox 1993 2237 2221 2314; x_wconf 68' lang='grc' dir='ltr'><em>ἐγένετο</em></span> <span class='ocrx_word' id='word_1_136' title='bbox 2242 2238 2351 2315; x_wconf 79' lang='grc' dir='ltr'><em>βοι-</em></span> 
     </span>
     <span class='ocr_line' id='line_1_17' title="bbox 336 2354 2353 2440; baseline 0.001 -23"><span class='ocrx_word' id='word_1_137' title='bbox 336 2354 534 2420; x_wconf 74' lang='grc' dir='ltr'><em>σιλεὺσ</em></span> <span class='ocrx_word' id='word_1_138' title='bbox 577 2360 689 2419; x_wconf 81' lang='grc' dir='ltr'>τῶν</span> <span class='ocrx_word' id='word_1_139' title='bbox 735 2355 1051 2435; x_wconf 69' lang='grc' dir='ltr'><em>ἀνθρώπων.</em></span> <span class='ocrx_word' id='word_1_140' title='bbox 1144 2355 1422 2440; x_wconf 87' lang='lat' dir='ltr'>Utroque</span> <span class='ocrx_word' id='word_1_141' title='bbox 1467 2355 1604 2419; x_wconf 91' lang='grc'><strong>1000</strong></span> <span class='ocrx_word' id='word_1_142' title='bbox 1650 2356 1715 2419; x_wconf 89' lang='lat' dir='ltr'>id</span> <span class='ocrx_word' id='word_1_143' title='bbox 1755 2378 2000 2440; x_wconf 87' lang='lat' dir='ltr'>prorsus</span> <span class='ocrx_word' id='word_1_144' title='bbox 2031 2355 2353 2421; x_wconf 77' lang='lat' dir='ltr'>redundat.</span> 
     </span>
    </p>

    <p class='ocr_par' dir='ltr' id='par_1_3' title="bbox 337 2470 2361 3275">
     <span class='ocr_line' id='line_1_18' title="bbox 432 2470 2358 2560; baseline 0.003 -26"><span class='ocrx_word' id='word_1_145' title='bbox 432 2470 720 2545; x_wconf 83' lang='lat' dir='ltr'>Ceterum</span> <span class='ocrx_word' id='word_1_146' title='bbox 780 2495 942 2537; x_wconf 86' lang='lat' dir='ltr'>unus</span> <span class='ocrx_word' id='word_1_147' title='bbox 997 2481 1088 2537; x_wconf 86' lang='lat' dir='ltr'>est</span> <span class='ocrx_word' id='word_1_148' title='bbox 1131 2474 1298 2538; x_wconf 87' lang='grc'><strong>100115</strong></span> <span class='ocrx_word' id='word_1_149' title='bbox 1343 2474 1408 2537; x_wconf 87' lang='grc'>111</span> <span class='ocrx_word' id='word_1_150' title='bbox 1454 2473 1569 2559; x_wconf 86' lang='lat' dir='ltr'>Ep.</span> <span class='ocrx_word' id='word_1_151' title='bbox 1619 2473 1739 2551; x_wconf 84' lang='lat' dir='ltr'>VI,</span> <span class='ocrx_word' id='word_1_152' title='bbox 1800 2475 1864 2538; x_wconf 87' lang='grc'>111</span> <span class='ocrx_word' id='word_1_153' title='bbox 1920 2496 2041 2557; x_wconf 93' lang='grc'><strong>(1110</strong></span> <span class='ocrx_word' id='word_1_154' title='bbox 2097 2476 2358 2560; x_wconf 87' lang='lat' dir='ltr'>graviter</span> 
     </span>
     <span class='ocr_line' id='line_1_19' title="bbox 337 2590 2358 2678; baseline 0.003 -27"><span class='ocrx_word' id='word_1_155' title='bbox 337 2590 726 2654; x_wconf 86' lang='lat' dir='ltr'>offenderunt</span> <span class='ocrx_word' id='word_1_156' title='bbox 769 2591 883 2655; x_wconf 91' lang='lat' dir='ltr'>viri</span> <span class='ocrx_word' id='word_1_157' title='bbox 929 2592 1126 2671; x_wconf 90' lang='lat' dir='ltr'>docti,</span> <span class='ocrx_word' id='word_1_158' title='bbox 1171 2592 1466 2656; x_wconf 86' lang='lat' dir='ltr'>nimirum</span> <span class='ocrx_word' id='word_1_159' title='bbox 1510 2592 1661 2656; x_wconf 89' lang='lat' dir='ltr'>haec</span> <span class='ocrx_word' id='word_1_160' title='bbox 1709 2615 1864 2677; x_wconf 90' lang='lat' dir='ltr'>quae</span> <span class='ocrx_word' id='word_1_161' title='bbox 1896 2594 1960 2657; x_wconf 88' lang='lat' dir='ltr'>in</span> <span class='ocrx_word' id='word_1_162' title='bbox 1998 2594 2117 2657; x_wconf 81' lang='lat' dir='ltr'>fine</span> <span class='ocrx_word' id='word_1_163' title='bbox 2146 2594 2358 2678; x_wconf 88' lang='lat' dir='ltr'>legun-</span> 
     </span>
     <span class='ocr_line' id='line_1_20' title="bbox 340 2710 2355 2787; baseline 0.003 -16"><span class='ocrx_word' id='word_1_164' title='bbox 340 2718 482 2772; x_wconf 88' lang='lat' dir='ltr'>tur:</span> <span class='ocrx_word' id='word_1_165' title='bbox 546 2711 642 2773; x_wconf 83' lang='grc' dir='ltr'>τὸν</span> <span class='ocrx_word' id='word_1_166' title='bbox 702 2715 813 2773; x_wconf 83' lang='grc' dir='ltr'>τῶν</span> <span class='ocrx_word' id='word_1_167' title='bbox 874 2711 1106 2775; x_wconf 70' lang='grc' dir='ltr'><em>πάντων</em></span> <span class='ocrx_word' id='word_1_168' title='bbox 1167 2710 1285 2775; x_wconf 81' lang='grc' dir='ltr'><em>θεὸν</em></span> <span class='ocrx_word' id='word_1_169' title='bbox 1328 2711 1422 2775; x_wconf 73' lang='grc' dir='ltr'>καὶ</span> <span class='ocrx_word' id='word_1_170' title='bbox 1471 2710 1733 2787; x_wconf 52' lang='lat' dir='ltr'>arduom</span> <span class='ocrx_word' id='word_1_171' title='bbox 1776 2717 1888 2776; x_wconf 82' lang='grc' dir='ltr'>τῶν</span> <span class='ocrx_word' id='word_1_172' title='bbox 1935 2738 1999 2776; x_wconf 86' lang='grc' dir='ltr'>τε</span> <span class='ocrx_word' id='word_1_173' title='bbox 2044 2712 2212 2777; x_wconf 77' lang='grc' dir='ltr'><em>ὄντων</em></span> <span class='ocrx_word' id='word_1_174' title='bbox 2258 2713 2355 2777; x_wconf 74' lang='grc' dir='ltr'>καὶ</span> 
     </span>
     <span class='ocr_line' id='line_1_21' title="bbox 340 2828 2361 2913; baseline 0.001 -22"><span class='ocrx_word' id='word_1_175' title='bbox 340 2829 675 2903; x_wconf 77' lang='grc' dir='ltr'><em>μελλόντων</em></span> <span class='ocrx_word' id='word_1_176' title='bbox 692 2880 710 2902; x_wconf 90' lang='grc'><em>,</em></span> <span class='ocrx_word' id='word_1_177' title='bbox 757 2833 858 2892; x_wconf 83' lang='grc' dir='ltr'>τοῦ</span> <span class='ocrx_word' id='word_1_178' title='bbox 904 2853 970 2893; x_wconf 85' lang='grc' dir='ltr'>τε</span> <span class='ocrx_word' id='word_1_179' title='bbox 1018 2830 1292 2907; x_wconf 70' lang='grc' dir='ltr'><em>ἡγέμονος</em></span> <span class='ocrx_word' id='word_1_180' title='bbox 1339 2829 1436 2893; x_wconf 71' lang='grc' dir='ltr'>καὶ</span> <span class='ocrx_word' id='word_1_181' title='bbox 1485 2830 1668 2895; x_wconf 67' lang='grc' dir='ltr'>ικίτιόυ</span> <span class='ocrx_word' id='word_1_182' title='bbox 1716 2828 1945 2909; x_wconf 72' lang='grc' dir='ltr'><em>πατέρα</em></span> <span class='ocrx_word' id='word_1_183' title='bbox 1977 2829 2151 2913; x_wconf 75' lang='grc' dir='ltr'><em>κύριον</em></span> <span class='ocrx_word' id='word_1_184' title='bbox 2182 2834 2361 2907; x_wconf 79' lang='grc' dir='ltr'><em>ἐπομ-</em></span> 
     </span>
     <span class='ocr_line' id='line_1_22' title="bbox 340 2945 2359 3030; baseline 0 -19"><span class='ocrx_word' id='word_1_185' title='bbox 340 2947 582 3017; x_wconf 71' lang='grc' dir='ltr'><em>νύνταςε</em></span> <span class='ocrx_word' id='word_1_186' title='bbox 649 2968 805 3029; x_wconf 88' lang='grc'><strong>(11166</strong></span> <span class='ocrx_word' id='word_1_187' title='bbox 857 2945 1322 3011; x_wconf 84' lang='grc' dir='ltr'><strong>Τ61111611161111115</strong></span> <span class='ocrx_word' id='word_1_188' title='bbox 1370 2946 1593 3030; x_wconf 87' lang='lat' dir='ltr'>aliique</span> <span class='ocrx_word' id='word_1_189' title='bbox 1640 2969 1675 3010; x_wconf 87' lang='lat' dir='ltr'>a</span> <span class='ocrx_word' id='word_1_190' title='bbox 1721 2946 2069 3011; x_wconf 87' lang='lat' dir='ltr'>Christiano</span> <span class='ocrx_word' id='word_1_191' title='bbox 2116 2948 2359 3013; x_wconf 89' lang='lat' dir='ltr'>homine</span> 
     </span>
     <span class='ocr_line' id='line_1_23' title="bbox 341 3064 2359 3150; baseline 0.001 -23"><span class='ocrx_word' id='word_1_192' title='bbox 341 3073 554 3128; x_wconf 88' lang='lat' dir='ltr'>assuta</span> <span class='ocrx_word' id='word_1_193' title='bbox 600 3088 728 3129; x_wconf 89' lang='grc'><strong>6556</strong></span> <span class='ocrx_word' id='word_1_194' title='bbox 775 3064 1163 3129; x_wconf 88' lang='lat' dir='ltr'>crediderunt</span> <span class='ocrx_word' id='word_1_195' title='bbox 1207 3065 1305 3148; x_wconf 90' lang='lat' dir='ltr'>(cf.</span> <span class='ocrx_word' id='word_1_196' title='bbox 1354 3066 1489 3128; x_wconf 91' lang='lat' dir='ltr'>Ast.</span> <span class='ocrx_word' id='word_1_197' title='bbox 1539 3087 1599 3149; x_wconf 93' lang='lat' dir='ltr'>p.</span> <span class='ocrx_word' id='word_1_198' title='bbox 1659 3068 1828 3150; x_wconf 84' lang='lat'>511).</span> <span class='ocrx_word' id='word_1_199' title='bbox 1922 3065 2064 3129; x_wconf 87' lang='lat' dir='ltr'>Sine</span> <span class='ocrx_word' id='word_1_200' title='bbox 2094 3067 2359 3145; x_wconf 88' lang='lat' dir='ltr'>ratione,</span> 
     </span>
     <span class='ocr_line' id='line_1_24' title="bbox 338 3182 1871 3275; baseline 0.001 -30"><span class='ocrx_word' id='word_1_201' title='bbox 338 3184 577 3267; x_wconf 86' lang='lat' dir='ltr'>opinor.</span> <span class='ocrx_word' id='word_1_202' title='bbox 673 3183 765 3247; x_wconf 91' lang='lat' dir='ltr'>De</span> <span class='ocrx_word' id='word_1_203' title='bbox 813 3182 927 3247; x_wconf 91' lang='lat' dir='ltr'>hoc</span> <span class='ocrx_word' id='word_1_204' title='bbox 973 3190 1177 3247; x_wconf 88' lang='lat' dir='ltr'>autem</span> <span class='ocrx_word' id='word_1_205' title='bbox 1223 3183 1380 3247; x_wconf 86' lang='lat' dir='ltr'>infra</span> <span class='ocrx_word' id='word_1_206' title='bbox 1425 3190 1671 3275; x_wconf 73' lang='lat' dir='ltr'>acturus</span> <span class='ocrx_word' id='word_1_207' title='bbox 1718 3205 1871 3247; x_wconf 91' lang='lat' dir='ltr'>sum.</span> 
     </span>
    </p>

    <p class='ocr_par' dir='ltr' id='par_1_4' title="bbox 340 3300 2362 3743">
     <span class='ocr_line' id='line_1_25' title="bbox 435 3300 2361 3388; baseline 0.001 -23"><span class='ocrx_word' id='word_1_208' title='bbox 435 3300 568 3365; x_wconf 87' lang='lat' dir='ltr'>Hae</span> <span class='ocrx_word' id='word_1_209' title='bbox 635 3302 827 3386; x_wconf 88' lang='lat' dir='ltr'>igitur</span> <span class='ocrx_word' id='word_1_210' title='bbox 893 3301 1184 3388; x_wconf 87' lang='lat' dir='ltr'>epistolae</span> <span class='ocrx_word' id='word_1_211' title='bbox 1245 3324 1396 3386; x_wconf 82' lang='lat' dir='ltr'>quas</span> <span class='ocrx_word' id='word_1_212' title='bbox 1457 3302 1784 3365; x_wconf 86' lang='lat' dir='ltr'>memoravi</span> <span class='ocrx_word' id='word_1_213' title='bbox 1845 3302 1898 3365; x_wconf 86' lang='lat' dir='ltr'>si</span> <span class='ocrx_word' id='word_1_214' title='bbox 1965 3324 2104 3365; x_wconf 91' lang='grc'><strong>011111</strong></span> <span class='ocrx_word' id='word_1_215' title='bbox 2167 3301 2361 3366; x_wconf 72' lang='lat' dir='ltr'>VII¹¹¹⁸</span> 
     </span>
     <span class='ocr_line' id='line_1_26' title="bbox 341 3420 2358 3506; baseline -0 -22"><span class='ocrx_word' id='word_1_216' title='bbox 341 3421 772 3499; x_wconf 76' lang='lat' dir='ltr'>conferuntur,</span> <span class='ocrx_word' id='word_1_217' title='bbox 835 3422 924 3485; x_wconf 90' lang='lat' dir='ltr'>ita</span> <span class='ocrx_word' id='word_1_218' title='bbox 977 3444 1117 3485; x_wconf 91' lang='lat' dir='ltr'>cum</span> <span class='ocrx_word' id='word_1_219' title='bbox 1178 3421 1292 3485; x_wconf 89' lang='lat' dir='ltr'>hac</span> <span class='ocrx_word' id='word_1_220' title='bbox 1354 3422 1715 3506; x_wconf 85' lang='lat' dir='ltr'>conjunctae</span> <span class='ocrx_word' id='word_1_221' title='bbox 1776 3429 1954 3498; x_wconf 84' lang='lat' dir='ltr'>sunt,</span> <span class='ocrx_word' id='word_1_222' title='bbox 2015 3429 2086 3483; x_wconf 93' lang='lat' dir='ltr'>ut</span> <span class='ocrx_word' id='word_1_223' title='bbox 2101 3472 2118 3498; x_wconf 96' lang='lat'>,</span> <span class='ocrx_word' id='word_1_224' title='bbox 2192 3420 2358 3504; x_wconf 89' lang='lat' dir='ltr'>quod</span> 
     </span>
     <span class='ocr_line' id='line_1_27' title="bbox 340 3538 2362 3623; baseline 0 -21"><span class='ocrx_word' id='word_1_225' title='bbox 340 3539 508 3602; x_wconf 91' lang='lat' dir='ltr'>idem</span> <span class='ocrx_word' id='word_1_226' title='bbox 570 3562 757 3623; x_wconf 87' lang='lat' dir='ltr'>supra</span> <span class='ocrx_word' id='word_1_227' title='bbox 811 3539 886 3603; x_wconf 87' lang='lat' dir='ltr'>de</span> <span class='ocrx_word' id='word_1_228' title='bbox 931 3538 1209 3623; x_wconf 81' lang='lat' dir='ltr'>Epistola</span> <span class='ocrx_word' id='word_1_229' title='bbox 1254 3538 1346 3601; x_wconf 86' lang='lat' dir='ltr'>IV</span> <span class='ocrx_word' id='word_1_230' title='bbox 1391 3539 1927 3603; x_wconf 86' lang='lat' dir='ltr'>animadvertimus</span> <span class='ocrx_word' id='word_1_231' title='bbox 1944 3589 1963 3616; x_wconf 92' lang='lat'>‚</span> <span class='ocrx_word' id='word_1_232' title='bbox 2014 3561 2143 3601; x_wconf 89' lang='lat' dir='ltr'>eam</span> <span class='ocrx_word' id='word_1_233' title='bbox 2193 3539 2362 3603; x_wconf 88' lang='lat' dir='ltr'>velut</span> 
     </span>
     <span class='ocr_line' id='line_1_28' title="bbox 341 3657 1192 3743; baseline -0.001 -21"><span class='ocrx_word' id='word_1_234' title='bbox 341 3657 650 3743; x_wconf 84' lang='lat' dir='ltr'>explicent</span> <span class='ocrx_word' id='word_1_235' title='bbox 696 3665 759 3721; x_wconf 88' lang='lat' dir='ltr'>et</span> <span class='ocrx_word' id='word_1_236' title='bbox 803 3658 1192 3742; x_wconf 89' lang='lat' dir='ltr'>amplificent.</span> 
     </span>
    </p>
   </div>
   <div class='ocr_carea' id='block_1_3' title="bbox 340 3893 2366 4217">
    <p class='ocr_par' dir='ltr' id='par_1_5' title="bbox 340 3893 2366 4217">
     <span class='ocr_line' id='line_1_29' title="bbox 437 3893 2366 3980; baseline -0.002 -21"><span class='ocrx_word' id='word_1_237' title='bbox 437 3895 637 3959; x_wconf 86' lang='lat' dir='ltr'>Aliter</span> <span class='ocrx_word' id='word_1_238' title='bbox 680 3901 1058 3980; x_wconf 82' lang='lat' dir='ltr'>comparatae</span> <span class='ocrx_word' id='word_1_239' title='bbox 1104 3902 1250 3958; x_wconf 86' lang='lat' dir='ltr'>sunt</span> <span class='ocrx_word' id='word_1_240' title='bbox 1295 3916 1399 3958; x_wconf 88' lang='lat' dir='ltr'>eae</span> <span class='ocrx_word' id='word_1_241' title='bbox 1445 3917 1600 3978; x_wconf 90' lang='lat' dir='ltr'>quae</span> <span class='ocrx_word' id='word_1_242' title='bbox 1630 3901 1894 3971; x_wconf 86' lang='lat' dir='ltr'>restant,</span> <span class='ocrx_word' id='word_1_243' title='bbox 1935 3894 2246 3979; x_wconf 88' lang='lat' dir='ltr'>Epistolae</span> <span class='ocrx_word' id='word_1_244' title='bbox 2269 3893 2366 3956; x_wconf 92' lang='lat' dir='ltr'>XI</span> 
     </span>
     <span class='ocr_line' id='line_1_30' title="bbox 340 4012 2363 4099; baseline -0.002 -21"><span class='ocrx_word' id='word_1_245' title='bbox 340 4021 406 4078; x_wconf 88' lang='lat' dir='ltr'>et</span> <span class='ocrx_word' id='word_1_246' title='bbox 453 4012 584 4077; x_wconf 89' lang='lat' dir='ltr'>XII</span> <span class='ocrx_word' id='word_1_247' title='bbox 601 4064 617 4091; x_wconf 93' lang='lat'>,</span> <span class='ocrx_word' id='word_1_248' title='bbox 668 4035 824 4098; x_wconf 88' lang='lat' dir='ltr'>quae</span> <span class='ocrx_word' id='word_1_249' title='bbox 870 4018 1228 4097; x_wconf 86' lang='lat' dir='ltr'>argumento</span> <span class='ocrx_word' id='word_1_250' title='bbox 1275 4020 1336 4076; x_wconf 90' lang='lat' dir='ltr'>et</span> <span class='ocrx_word' id='word_1_251' title='bbox 1382 4014 1655 4077; x_wconf 87' lang='lat' dir='ltr'>oratione</span> <span class='ocrx_word' id='word_1_252' title='bbox 1701 4036 1808 4098; x_wconf 89' lang='lat' dir='ltr'>pro</span> <span class='ocrx_word' id='word_1_253' title='bbox 1856 4020 2025 4098; x_wconf 88' lang='lat' dir='ltr'>parte</span> <span class='ocrx_word' id='word_1_254' title='bbox 2071 4012 2363 4099; x_wconf 88' lang='lat' dir='ltr'>Epistolis</span> 
     </span>
     <span class='ocr_line' id='line_1_31' title="bbox 340 4130 1446 4217; baseline -0.001 -21"><span class='ocrx_word' id='word_1_255' title='bbox 340 4133 374 4197; x_wconf 95' lang='lat' dir='ltr'>I</span> <span class='ocrx_word' id='word_1_256' title='bbox 427 4139 488 4195; x_wconf 85' lang='lat' dir='ltr'>et·</span> <span class='ocrx_word' id='word_1_257' title='bbox 534 4130 700 4196; x_wconf 91' lang='lat' dir='ltr'>XIII</span> <span class='ocrx_word' id='word_1_258' title='bbox 745 4132 1126 4217; x_wconf 86' lang='lat' dir='ltr'>aequiparari</span> <span class='ocrx_word' id='word_1_259' title='bbox 1171 4138 1446 4216; x_wconf 85' lang='lat' dir='ltr'>possunt.</span> 
     </span>
    </p>
   </div>
  </div>
 </body>
</html>
