3025 5067
1252 430 1375 491 203

300 638 505 701 tentia
567 646 766 701 essent
829 638 1153 723 expositae.
1248 636 1363 701 His
1419 658 1542 701 non
1607 660 1780 701 suam
1827 636 2020 720 ipsius
2063 634 2168 698 sed
2215 634 2318 696 So-

304 758 494 819 cratis
540 756 988 841 philosophiam
1034 756 1329 820 contineri
1374 755 1524 819 dicit
1553 756 1617 819 in
1650 750 1926 840 Epistola
1955 752 2025 817 H
2041 803 2059 831 ,
2093 776 2151 838 p.
2187 755 2316 816 814

310 874 365 937 Β
384 922 404 951 ,
454 874 531 937 ad
576 873 938 958 Dionysium
984 874 1134 937 haec
1180 873 1479 937 scribens:
1544 872 1800 950 μεγίστη
1859 872 1918 936 δὲ
1963 873 2204 952 φυλακὴ
2251 871 2318 935 τὸ

308 998 399 1069 μὴ
443 994 692 1074 γράφειν
710 1042 729 1071 ,
750 1044 765 1058 .
789 1044 800 1055 .
824 1043 838 1058 .
890 996 951 1058 οὐ
982 992 1099 1074 γάρ
1138 995 1261 1058 ἐστι
1300 994 1381 1056 τὰ
1416 993 1728 1074 γραφέντα
1770 994 1853 1069 μη
1890 994 1990 1056 οὐκ
2027 992 2315 1055 ἐκπεσεῖν.

311 1112 411 1177 διὰ
452 1116 623 1177 ταῦτ’
672 1112 823 1176 οὐδὲν
874 1113 1095 1177 πώποτ’
1134 1113 1247 1189 ἐγὼ
1293 1112 1418 1192 περὶ
1463 1111 1678 1176 τούτων
1724 1111 1871 1190 γέγρ
1879 1116 2013 1191 αφα
2053 1109 2164 1174 οὐδ’
2195 1110 2315 1175 ἐστι

308 1230 695 1309 ξύγγραμμα
736 1228 1045 1301 Πλάτωνος
1091 1230 1243 1294 οὐδὲν
1288 1228 1399 1293 οὐδ’
1447 1228 1612 1293 ἔσται
1625 1279 1643 1312 ,
1689 1230 1771 1294 τὰ
1818 1229 1876 1293 δὲ
1897 1234 1991 1293 νῦν
2014 1227 2314 1305 λεγόμενα

311 1348 653 1428 Σωκράτους
698 1349 819 1413 ἐστὶ
866 1353 1048 1413 καλοῦ
1097 1348 1195 1412 καὶ
1228 1349 1343 1413 νέου
1375 1348 1680 1425 γεγονότος
1701 1399 1715 1413 .
1749 1350 1796 1433 ¹)
1835 1348 1896 1411 h.
1925 1370 1977 1411 e.
2010 1347 2131 1425 „de
2161 1346 2322 1431 prin·

310 1467 491 1551 cipiis
549 1466 969 1552 philosophiae
1032 1467 1323 1551 scriptum
1367 1466 1610 1530 nullum
1655 1466 1928 1531 Platonis
1976 1473 2170 1531 exstat
2217 1474 2325 1529 aut

312 1586 577 1651 exstabit
589 1613 607 1664 ;
656 1607 809 1669 quae
850 1593 1053 1650 autem
1082 1607 1217 1650 meo
1247 1588 1489 1650 nomine
1521 1586 1813 1670 inscripta
1841 1585 2150 1661 feruntur,
2199 1606 2322 1648 non

310 1726 515 1767 meam
559 1704 895 1769 doctrinam
940 1705 1255 1769 continent
1302 1707 1405 1770 sed
1446 1706 1702 1791 effigiem
1749 1705 2017 1769 referunt
2061 1704 2323 1768 Socratis

312 1822 405 1904 (h.
432 1846 482 1885 e.
515 1822 808 1887 Socratici
839 1823 1171 1888 disserendi
1208 1826 1451 1909 moris),
1502 1835 1563 1888 et
1595 1824 1838 1909 quidem
1869 1823 2130 1887 Socratis
2145 1872 2163 1899 ‚
2203 1844 2325 1885 non

315 1941 519 2025 qualis
576 1941 699 2005 fuit
758 1943 932 2005 annis
981 1950 1042 2006 et
1087 1943 1384 2027 sapientia
1446 1952 1752 2020 maturus,
1803 1942 1907 2007 sed
1960 1941 2158 2025 qualis
2209 1940 2327 2004 fuit

314 2058 668 2123 adolescens
716 2069 777 2123 et
824 2060 1018 2124 bellus
1067 2084 1113 2124 s,
1147 2061 1389 2146 lepidus
1436 2084 1505 2125 ac
1535 2062 1832 2126 facetu8.”
1903 2060 2065 2146 Ergo
2097 2058 2323 2144 dialogi

314 2198 446 2241 non
491 2186 635 2242 sunt
679 2200 860 2263 opera
904 2180 1091 2256 seria,
1154 2179 1258 2243 sed
1304 2179 1540 2244 ludicra
1587 2180 1822 2264 potius,
1873 2203 1904 2243 e
1949 2180 2172 2263 quibus
2215 2200 2327 2243 nec

316 2296 595 2360 Platonis
655 2318 851 2380 neque
910 2298 1103 2382 ipsius
1168 2297 1433 2362 Socratis
1498 2299 1796 2384 sapientia
1841 2298 2069 2383 percipi
2115 2298 2324 2383 possit.

316 2413 497 2478 Idem
564 2416 627 2478 in
697 2414 971 2500 Epistola
1037 2414 1168 2479 VII
1238 2416 1461 2480 diserte
1534 2417 1868 2481 affirmatur
1933 2417 2028 2480 his
2099 2416 2294 2480 verbis
2310 2464 2330 2493 ‚

319 2554 385 2618 p.
448 2534 573 2596 341
635 2532 719 2611 B,
781 2531 865 2597 G:
920 2533 1145 2599 τοσόνδε
1190 2558 1265 2611 γε
1309 2536 1425 2612 μὴν
1471 2535 1596 2616 περὶ
1643 2536 1876 2601 πάντων
1920 2534 2042 2616 ἔχω
2093 2533 2332 2616 φράζειν

320 2658 433 2715 τῶν
470 2652 857 2732 γεγραφότων
893 2653 991 2716 καὶ
1030 2652 1370 2734 γραψόντων
1387 2676 1403 2691 ·
1434 2706 1446 2719 .
1478 2706 1491 2718 .
1523 2706 1537 2719 .
1588 2653 1819 2723 τούτους
1869 2656 1968 2718 οὐκ
2007 2654 2129 2717 ἔστι
2172 2652 2332 2717 κατα

322 2793 401 2845 γε
442 2770 546 2842 τὴν
583 2771 727 2844 ἐμὴν
764 2768 933 2846 δόξαν
965 2772 1089 2849 περὶ
1120 2778 1221 2836 τοῦ
1256 2770 1610 2850 πράγματος
1645 2772 1864 2836 ἐπαΐειν
1894 2770 2046 2835 οὐδέν
2073 2822 2086 2836 .
2138 2771 2332 2834 οὔκουν

325 2888 461 2963 ἐμόν
512 2910 588 2965 γε
627 2889 752 2966 περὶ
789 2891 973 2953 αὐτῶν
1016 2890 1136 2954 ἐστὶ
1177 2889 1562 2970 ξύγγραμμα
1617 2891 1740 2955 οὐδὲ
1777 2892 2007 2967 μήποτε
2047 2888 2287 2965 γένηται
2315 2908 2328 2922 ·

324 3004 483 3085 ῥητὸν
529 3005 646 3086 γὰρ
690 3006 949 3080 οὐδαμῶς
994 3008 1147 3071 ἐστὶν
1192 3010 1265 3078 ὥς
1302 3004 1469 3071 ἄλλα
1512 3009 1873 3084 μαθήματα,
1917 3008 2057 3071 ἀλλ’
2093 3008 2158 3069 ἐκ
2197 3020 2334 3070 πολ-

325 3133 433 3197 λῆς
490 3122 785 3199 ξυνουσίας
844 3126 1185 3202 γιγνομένης
1249 3127 1373 3205 περὶ
1436 3127 1502 3191 τὸ
1565 3132 1823 3205 πρᾶγμα
1883 3126 2029 3190 αὐτὸ
2078 3128 2176 3190 καὶ
2225 3127 2333 3209 (ἐκ)

326 3250 427 3307 τοῦ
472 3242 641 3323 συζῆν
684 3241 961 3323 ἐξαίφνης
1005 3240 1109 3308 οἷον
1152 3245 1274 3308 απὸ
1314 3245 1483 3324 πυρὸς
1526 3246 1884 3320 πηδήσαντος
1922 3244 2170 3323 ἐξαφθὲν
2209 3252 2333 3322 φῶς

397 3542 443 3603 l)
483 3542 614 3591 Idem
657 3542 985 3599 enuntiatum,
1036 3543 1143 3592 inde
1176 3561 1204 3591 a
1238 3544 1393 3593 verbis
1426 3542 1518 3596 οὐδ’
1546 3549 1647 3597 ἔστι
1681 3546 1967 3614 §imponam
2000 3543 2216 3592 Platonis
2253 3559 2334 3591 uo·

329 3639 455 3687 mine
500 3638 676 3687 citatur
721 3638 771 3687 in
815 3639 946 3687 Socr.
991 3640 1146 3704 Epist.
1180 3640 1279 3689 XV.
1351 3641 1574 3690 Diversae
1607 3640 1780 3689 horum
1815 3638 2067 3688 verborum
2103 3639 2336 3702 interpre-

326 3733 533 3783 tationes
580 3722 901 3782 memorantur
946 3749 975 3783 a
1007 3735 1308 3799 Wiegandio,
1343 3736 1375 3785 1.
1411 3737 1443 3787 l.
1479 3752 1525 3800 p.
1562 3737 1625 3785 24
1659 3752 1790 3800 sqq.‚
1824 3734 1907 3799 qui
1941 3735 2041 3799 ipse
2069 3735 2338 3784 Hermanni

327 3828 766 3894 interpretationem
802 3830 1039 3892 sequitur:
1096 3830 1263 3889 „alles,
1317 3847 1409 3880 was
1462 3837 1602 3881 unter
1633 3830 1816 3880 Plato’s
1852 3830 2033 3879 Namen
2068 3829 2338 3880 schriftlich

328 3924 541 3980 existire,
576 3923 747 3988 gehore
782 3924 903 3973 dem
940 3924 1293 3990 verjiingten
1328 3928 1441 3976 und
1477 3928 1946 3977 verschiinerten
1977 3926 2194 3975 Socrates
2218 3924 2341 3983 an‚'’

328 4022 557 4083 putatque
600 4036 629 4068 a
672 4020 899 4084 scriptore
937 4020 1161 4084 distingui
1214 4022 1482 4080 Socratem,
1530 4022 1684 4087 qualis
1741 4022 1790 4071 in
1834 4021 1958 4070 vivis
2003 4026 2132 4077 erat,
2179 4039 2205 4069 a
2255 4022 2337 4069 So-

328 4119 457 4163 crate
490 4114 735 4163 Platonico
780 4115 837 4163 ad
872 4115 1073 4179 effigiem
1108 4116 1304 4179 perfecti
1340 4116 1606 4181 philosophi
1642 4117 1847 4181 scripto,
1885 4132 2024 4180 quem
2065 4117 2330 4182 germanice

331 4210 506 4259 dixeris
538 4209 643 4258 den
682 4210 1059 4260 idealisirten
1095 4211 1386 4261 Socrates.
