3025 5067
1626 385 1706 445 62

662 593 758 656 τὸν
796 592 920 668 βίον
957 591 1054 656 καὶ
1094 592 1332 657 ἐθέλοντι
1372 591 1477 666 μὲν
1518 590 1803 655 πείθεο-θαι
1841 590 1939 654 καὶ
1977 583 2185 654 τᾶλλα
2206 589 2307 664 ἤδη
2330 598 2631 669 παραινεῖν
2648 637 2666 668 ,

663 714 748 787 μὴ
805 710 1044 775 ἐθέλοντι
1105 710 1164 773 δὲ
1223 710 1526 791 φεύγοντα
1583 707 1702 772 απὸ
1747 717 1852 783 τῆς
1889 714 1991 773 τοῦ
2033 706 2284 773 τοιούτου
2328 706 2673 784 ξυμβουλῆς

665 828 842 908 ἄνδρα
895 853 963 893 τε
1017 828 1261 906 ἡγοίμην
1314 826 1386 893 ἂν
1430 828 1530 892 καὶ
1576 826 1819 907 ἰατρικὸν
1836 877 1853 899 ,
1900 827 1996 891 τὸν
2040 826 2100 890 δὲ
2147 826 2503 903 ὑπομένοντα
2546 826 2677 889 τοὺ-

663 947 881 1011 ναντίον
925 944 1188 1026 ἄνανδρόν
1231 972 1300 1012 τε
1341 946 1440 1011 καὶ
1487 944 1757 1026 ἄτεχνον.
1804 946 2017 1011 ταύτὸν
2063 946 2128 1021 δὴ
2174 945 2273 1010 καὶ
2320 945 2515 1020 πόλει,
2546 943 2673 1008 εἴτε

665 1070 847 1141 αὐτῆς
891 1061 972 1138 εἷς
1014 1064 1098 1140 εἴη
1143 1066 1322 1148 κύριος
1367 1064 1484 1131 εἴτε
1528 1066 1627 1131 καὶ
1674 1066 1904 1137 πλείους
1919 1116 1938 1148 ,
1987 1067 2035 1130 εἷ
2095 1066 2201 1142 μὲν
2245 1065 2408 1130 κατα
2458 1062 2668 1142 τρόπον

667 1186 791 1267 ὀρθῇ
851 1186 1218 1266 πορευομένης
1277 1187 1383 1266 ὁδῷ
1440 1194 1547 1259 τῆς
1608 1184 1907 1256 πολιτείοις
1965 1181 2420 1260 ξυμβουλεύοιτό
2459 1206 2514 1246 τι
2558 1186 2677 1245 τῶν

671 1303 996 1385 προσφόρων
1013 1356 1030 1379 ,
1093 1311 1214 1369 νοῦν
1267 1304 1497 1385 ἔχοντος
1561 1304 1623 1368 τὸ
1682 1310 1800 1375 τοῖς
1874 1302 2136 1373 τοιούτοις
2210 1299 2628 1377 ξυμβουλεύειν
2655 1348 2673 1371 ,

664 1430 780 1494 τοῖς
840 1424 898 1487 δε
961 1422 1070 1499 ἔξω
1129 1424 1194 1487 τὸ
1240 1423 1524 1504 παράπαν
1573 1423 1833 1498 βαίνουσι
1878 1430 1982 1496 τῆς
2026 1420 2181 1500 ὀρθῆς
2229 1419 2524 1487 πολιτείοις
2569 1416 2673 1480 καὶ

668 1541 912 1617 μηδαμῆ
958 1541 1234 1605 ἐθέλουσιν
1279 1544 1462 1616 αὐτῆς
1500 1542 1579 1612 εἷς
1617 1539 1775 1621 ἴχνος
1813 1539 1984 1615 ἱέναι,
2024 1536 2458 1618 προαγορεύουσι
2496 1536 2554 1599 δὲ
2585 1538 2673 1615 τῷ

666 1657 980 1738 ξυμβούλῳ
1030 1660 1134 1731 τὴν
1178 1659 1284 1735 μὲν
1331 1661 1626 1724 πολιτείαν
1672 1660 1774 1723 ἐᾶν
1819 1658 1916 1721 καὶ
1962 1659 2046 1734 μὴ
2091 1664 2291 1731 κινεῖν,
2338 1658 2411 1727 ὥς
2457 1655 2675 1718 ἀποθα-

668 1776 908 1856 νουμένῳ
966 1777 1068 1840 ἐὰν
1123 1787 1245 1857 κινῇ
1263 1826 1280 1849 ,
1328 1783 1460 1848 ταῖς
1506 1776 1567 1840 δε
1610 1778 1918 1853 βουλήσεσι
1967 1775 2065 1840 καὶ
2111 1775 2436 1851 ἐπιθυμίαις
2482 1777 2675 1838 αὐτῶν

668 1894 1087 1974 ὑπηρετοῦντας
1143 1894 1559 1973 ξυμβουλεύειν
1614 1894 1937 1972 κελεύουσι,
2010 1896 2142 1958 τίνα
2182 1894 2383 1970 τρόπον
2427 1894 2677 1969 ’γίγνοιτ’

667 2010 738 2076 ἂν
800 2011 990 2095 ῥᾷστα
1048 2038 1116 2076 τε
1174 2013 1272 2077 καὶ
1340 2013 1614 2092 τάχιστα
1674 2015 1751 2085 εἷς
1813 2012 1909 2077 τὸν
1966 2013 2053 2076 aze}
2115 2011 2312 2091 χρόνον
2330 2062 2347 2085 ,
2409 2010 2505 2074 τὸν
2564 2010 2675 2085 μὲν

667 2128 1023 2207 ὑπομένοντα
1081 2130 1426 2208 ξυμβουλας
1485 2130 1760 2201 τοιαύτας
1824 2130 2067 2208 ἡγοίμην
2112 2129 2183 2195 ἂν
2228 2128 2525 2209 ἄνανδρον,
2570 2128 2674 2191 τὸν

667 2249 715 2311 δ’
736 2251 852 2328 οὐχ
897 2249 1254 2325 ὑπομένοντα
1297 2247 1494 2328 ἄνδρα.

754 2366 1055 2452 Sapientis
1115 2368 1479 2432 consultoris
1542 2369 1699 2432 sicut
1760 2368 2077 2452 prudentis
2136 2368 2353 2431 medici
2407 2366 2673 2430 officium

667 2509 796 2549 esse
853 2486 1034 2565 dicit,
1083 2488 1336 2551 consilia
1381 2486 1524 2550 darc
1569 2486 1924 2571 rogantibus
1971 2495 2032 2550 et
2077 2485 2328 2569 obsequi
2374 2486 2675 2571 cupienti-

665 2605 782 2668 bus
798 2631 816 2682 3
867 2606 973 2689 qui
1027 2628 1166 2668 vero
1214 2614 1502 2690 spernant
1556 2606 1791 2669 monita
1834 2606 1931 2669 vel
1976 2605 2053 2668 iis
2100 2626 2307 2689 parere
2351 2610 2631 2668 recusent
2649 2652 2672 2679 ,

667 2722 741 2785 ab
786 2722 1044 2787 istorum
1089 2724 1402 2788 curatione
1447 2723 1861 2787 desistendum
1910 2746 2057 2787 esse.

753 2841 1004 2926 Longus
1067 2865 1256 2906 essem
1318 2843 1370 2906 si
1414 2849 1625 2906 notare
1673 2842 1887 2906 vellem
1940 2841 2341 2926 negligentias
2360 2890 2378 2919 ,
2430 2840 2631 2904 sordes
2651 2889 2671 2918 ‚

664 2962 814 3024 vitia
858 2960 1120 3045 denique
1167 2938 1322 3045 quae
1367 2963 1431 3025 in
1477 2962 1593 3025 hoc
1639 2962 1773 3025 loco
1819 2962 2065 3039 insunt,
2114 2983 2375 3043 quorum
2422 2967 2494 3023 ut
2521 2981 2673 3022 non·

666 3078 837 3143 nulla
897 3079 1108 3143 scribis
1169 3080 1527 3164 imputanda
1571 3080 1732 3157 sint,
1789 3080 2075 3165 pleraque
2128 3086 2333 3142 tamen
2388 3078 2669 3163 scriptori

667 3197 983 3262 debentur.
1062 3198 1384 3262 Manifeste
1431 3209 1789 3283 corruptum
1836 3205 1927 3261 est
1972 3199 2235 3262 initium.
2306 3200 2463 3274 Ἐγὼ
2509 3204 2676 3262 caret

668 3314 1046 3401 praedicam,
1095 3317 1251 3399 φημὶ
1298 3318 1394 3381 vel
1439 3314 1633 3395 οἶμαι,
1698 3317 1862 3401 quod
1909 3326 2016 3381 aut
2062 3316 2287 3382 excidit-
2332 3324 2437 3380 aut
2482 3316 2669 3380 tacite

667 3435 1076 3519 supplendum
1137 3446 1226 3499 est
1287 3459 1318 3498 e
1379 3437 1686 3519 sequentis
1746 3436 2000 3499 membri
2055 3435 2235 3499 verbo
2282 3437 2528 3513 ἡγοίμην
2572 3432 2664 3499 ἄν.

669 3553 846 3616 Prius
876 3553 1190 3638 probabile
1237 3555 1488 3639 opinor-3
1533 3554 1816 3618 facillime
1849 3554 2185 3637 corrigatur
2214 3547 2461 3634 ἐγῷμαι.
2509 3552 2669 3616 Dein

666 3671 848 3735 verba
877 3671 1026 3736 ἄλλο
1065 3696 1120 3736 τι
1150 3675 1267 3752 χρὴ
1314 3673 1477 3735 omni
1524 3694 1705 3736 sensu
1752 3680 1975 3736 carent.
2024 3670 2322 3735 Mendum
2354 3671 2440 3734 sic
2471 3693 2670 3734 emen·

666 3788 939 3853 dandum
983 3800 1169 3875 puto:
1215 3791 1421 3866 ἢᾶλλο
1445 3816 1502 3856 τι
1547 3800 1790 3873 χρῆναι,
1839 3798 1911 3855 ut
1957 3791 2055 3853 hic
2103 3791 2185 3854 sit
2228 3789 2415 3853 ordo:
2442 3783 2671 3883 ἐγῷμαι

663 3908 760 3970 τὸν
805 3905 990 3984 ξυμβ.
1037 3906 1191 3987 οὶνδρὶ
1217 3955 1231 3970 .
1260 3955 1274 3970 .
1304 3956 1318 3970 .
1365 3907 1591 3972 δίαιταν
1637 3908 1806 3971 διαιτ.
1853 3908 2150 3987 μοχθηρὰν
2196 3907 2330 3987 πρὸς
2380 3907 2665 3984 ὑγιείανῆ

665 4023 816 4089 ἄλλο
877 4049 968 4100 τι,
1014 4034 1224 4105 χρῆναι
1253 4075 1266 4090 .
1297 4075 1310 4089 .
1341 4076 1354 4089 .
1403 4033 1715 4107 παραινεῖν.
1795 4024 1971 4089 Istud
2018 4025 2165 4089 ἄλλο
2212 4050 2267 4089 τι
2316 4031 2545 4109 spectet
2590 4024 2667 4088 ad

669 4144 937 4206 animum
984 4153 1044 4207 et
1090 4144 1163 4206 ad
1197 4167 1322 4207 rem
1369 4144 1757 4221 familiarem,
1808 4150 1877 4207 ut
1921 4145 1985 4206 in
2032 4152 2322 4227 sequente
2352 4144 2667 4209 enuntiato
