3025 5067
1254 383 1378 442 205

282 588 533 673 inquit,
582 610 618 651 o
664 587 965 666 Phaedre,
1014 588 1155 652 talis
1202 596 1293 653 est
1339 588 1548 672 quales
1594 611 1706 652 nos
1765 612 1891 653 esse
1939 613 2065 674 ‘ego
2125 599 2186 653 et
2237 599 2308 653 tu

278 708 647 772 volumus.”
737 706 803 771 Si
846 709 1011 772 hunc
1057 708 1259 772 locum
1278 720 1287 727 ’
1304 730 1443 771 cum
1490 708 1564 771 iis
1613 730 1770 791 quae
1817 731 2001 793 supra
2047 731 2120 772 ex
2165 706 2309 792 Epi-

286 827 463 890 stola
507 825 635 889 VII
680 825 971 911 descripsi
1016 826 1427 903 conferamuS‚
1476 826 1792 911 apparebit
1855 849 1925 889 ea
1968 826 2056 892 ita
2101 827 2307 889 conci-

294 968 451 1008 nere
496 952 567 1007 ut
612 946 817 1008 statim
864 945 1229 1008 imitatorem
1278 966 1586 1028 agnoscas.

402 1063 465 1125 Si
497 1064 676 1127 verba
707 1064 1012 1142 attendas,
1050 1064 1217 1148 quod
1249 1071 1451 1129 noster
1480 1063 1567 1127 ibi
1599 1065 1678 1147 (p.
1707 1066 1832 1127 343
1859 1065 1937 1147 A)
1969 1062 2308 1142 γράμματα

298 1191 487 1247 vocat
526 1184 977 1261 ἀμετακίνητον,
1018 1184 1081 1247 id
1114 1182 1367 1247 obscure
1406 1182 1641 1246 dictum
1673 1182 2010 1266 explicatur
2041 1203 2110 1245 eo
2143 1181 2307 1265 quod

294 1301 481 1365 Plato
512 1302 693 1379 dicit,
725 1302 935 1379 λόγους
968 1303 1223 1385 scriptos
1273 1300 1498 1365 similes
1531 1322 1660 1364 esse
1691 1299 2056 1384 imaginibus
2095 1300 2272 1384 pictis
2287 1328 2306 1378 ·,

298 1443 463 1503 quae
495 1427 659 1484 stant
688 1421 973 1484 immotae
1008 1427 1069 1483 et
1099 1420 1416 1504 quaerenti
1444 1418 1806 1505 respondere
1837 1427 2169 1503 nequeunt,
2203 1419 2309 1484 sed

299 1562 541 1625 semper
584 1562 779 1605 unum
824 1538 1106 1622 idemque
1152 1538 1530 1622 significant:
1584 1535 1643 1601 ἕν
1681 1563 1736 1601 τι
1783 1539 2048 1615 σημαίνει
2095 1538 2307 1602 ταύτὸν

298 1660 403 1723 άεί
416 1710 430 1724 .
456 1658 735 1742 (Phaedr.
763 1660 931 1751 Pr2⁷
944 1660 977 1719 5
1016 1657 1292 1723 D—276
1326 1655 1422 1741 B).
1472 1655 1708 1721 Coloris
1734 1636 1936 1721 autem
1970 1656 2308 1721 similitudo

298 1777 513 1841 statim
576 1776 955 1861 agnoscitur,
1006 1778 1057 1839 si
1102 1797 1241 1839 cum
1288 1774 1600 1859 Epistulae
1647 1775 1876 1854 verbis,
1933 1799 1992 1859 p.
2043 1778 2171 1865 Ι344
2219 1774 2268 1839 C
2287 1825 2304 1854 ‚

298 1918 613 1983 compares
660 1895 807 1959 haec
853 1895 1149 1971 Phaedri,
1199 1919 1258 1980 p.
1309 1896 1432 1960 277
1482 1894 1570 1957 D:
1639 1898 1709 1966 ὡς
1758 1895 1874 1959 εἴτε
1920 1896 2146 1966 Λυσίας
2193 1894 2308 1959 εἴτε

298 2040 395 2087 τις
454 2014 635 2087 ἄλλος
695 2016 915 2079 πώποτ’
960 2017 1239 2093 ἔγραψε
1284 2015 1316 2088 ἢ
1363 2014 1661 2097 γράψει,
1709 2014 1848 2095 ἰδίᾳ
1893 2013 1926 2089 ἢ
1975 2013 2302 2095 δημοσίᾳ,

300 2136 507 2211 νόμους
558 2136 726 2205 τιθεὶς
746 2185 762 2215 ,
810 2133 1191 2212 ξύγγραμμα
1234 2132 1521 2197 πολιτικὸν
1566 2133 1842 2214 γράφων,
1891 2133 1989 2197 καὶ
2034 2133 2306 2209 μεγάλην

300 2257 411 2318 τιν’
447 2255 505 2317 ἐν
563 2255 721 2333 αὐτῷ
781 2253 1151 2330 βεβαιότητα
1203 2254 1301 2315 καὶ
1360 2253 1683 2333 σαφηνείαν
1746 2252 2056 2328 ἡγούμενος
2072 2300 2090 2333 ,
2161 2249 2302 2316 οὕτω

301 2372 413 2449 μὲν
464 2372 659 2443 ὄνειδος
702 2374 783 2452 τῷ
828 2372 1146 2453 γράφοντι,
1197 2369 1312 2436 εἴτε
1358 2371 1445 2441 τίς
1490 2380 1670 2451 φησιν
1717 2370 1832 2435 εἴτε
1878 2373 1983 2449 μή.
2072 2369 2152 2433 Et
2198 2370 2309 2434 ibi-

302 2490 443 2553 dem
484 2489 567 2553 E:
606 2492 634 2555 ὁ
674 2490 733 2555 δέ
767 2494 831 2568 γ’
869 2491 1181 2569 ἡγούμενος
1208 2539 1223 2554 .
1252 2538 1269 2555 .
1298 2541 1312 2554 .
1365 2489 1563 2554 οὐδένα
1609 2490 1843 2554 πώποτε
1885 2490 2058 2567 λόγον
2098 2492 2154 2554 ἐν
2199 2491 2305 2566 με’-

305 2632 416 2688 τρῳ
468 2610 580 2672 οὐδ’
638 2606 775 2672 ἄνευ
835 2609 1040 2686 μέτρου
1102 2607 1432 2683 μεγάλης
1479 2604 1673 2682 ἄξιον
1727 2607 2028 2681 σπουδῆς
2075 2613 2309 2689 γραφῆ-

308 2752 401 2791 ναι
455 2728 575 2792 οὐδὲ
626 2729 943 2807 λεχθῆναι,
971 2781 981 2790 .
1013 2775 1028 2790 .
1058 2780 1070 2792 .
1125 2727 1291 2791 άλλα
1336 2730 1415 2808 τῷ
1454 2724 1566 2791 όντι
1599 2728 1787 2791 αὐτῶν
1809 2726 1940 2797 τοὺς
1961 2725 2304 2803 βελτίστους

306 2844 544 2909 εἰδότων·
573 2846 961 2923 ὑπόμνησιν
998 2846 1334 2928 γεγονέναι,
1384 2847 1440 2908 ἐν
1486 2845 1545 2908 δὲ
1589 2851 1704 2916 τοῖς
1751 2843 2160 2921 διδασκομένοις
2204 2844 2302 2909 καὶ

305 2966 605 3043 μαθήσεως
632 2985 659 2997 ·
676 2966 851 3045 χάριν
916 2966 1243 3043 λεγομένοις
1320 2965 1417 3028 καὶ
1480 2966 1560 3045 τῷ
1635 2963 1746 3027 όντι
1810 2962 2194 3045 γραφομένοις
2247 2966 2304 3027 ἐν

304 3090 479 3165 ψυχῇ
547 3084 669 3165 περὶ
740 3085 963 3149 δικαίων
1022 3110 1087 3148 τε
1148 3085 1245 3148 καὶ
1307 3090 1497 3149 καλῶν
1558 3081 1829 3159 κάγαθῶν
1890 3082 2075 3168 μόνοις
2136 3080 2200 3146 τὸ
2245 3084 2300 3145 τ’

306 3201 539 3281 ἐναργὲς
585 3198 726 3267 εἶναι
794 3205 890 3267 καὶ
955 3203 1146 3267 τέλεον
1205 3204 1304 3267 καὶ
1365 3201 1560 3279 ἄξιον
1620 3201 2086 3276 σπουδῆς,...
2143 3196 2302 3271 οὗτος

307 3323 333 3385 ὂ
399 3328 643 3394 τοιοῦτος
726 3324 861 3404 άνὴρ
943 3323 1271 3407 κινδυνεύει,
1340 3319 1380 3387 ὦ
1449 3324 1664 3402 Φαῖδρε
1680 3374 1699 3397 ,
1783 3318 1926 3385 εἶναι
2007 3318 2110 3385 οἷον
2187 3320 2299 3396 ἐγώ

306 3465 373 3505 τε
432 3442 527 3505 καὶ
591 3442 663 3505 σὺ
724 3439 1045 3518 εὐξαι’μεθ”
1072 3441 1145 3507 ἂν
1204 3444 1267 3507 σε’
1322 3466 1387 3506 τε
1434 3444 1591 3519 κάμὲ
1637 3441 1921 3519 γενέσθαι,
2015 3438 2304 3503 Animad-
2367 3524 2369 3528 ι

306 3566 575 3622 vertatur
616 3560 747 3642 ipsa
791 3559 1111 3623 verborum
1150 3559 1503 3623 similitudo.
1545 3560 1757 3623 Plato:
1799 3558 1914 3622 εἴτε
1942 3608 1956 3623 .
1984 3608 1997 3621 .
2044 3558 2300 3637 ἔγραψεν

306 3678 338 3751 ἢ
378 3678 629 3757 γράψεις
677 3677 952 3762 Epistola
982 3679 1064 3763 (p.
1100 3680 1223 3741 341
1258 3677 1361 3763 B):
1408 3679 1631 3744 τοσόνδε
1663 3702 1737 3755 γε
1767 3678 1882 3754 μὴν
1913 3677 2036 3757 περὶ
2070 3676 2299 3741 πάντων

304 3795 425 3875 ἔχω
485 3794 721 3878 φράζειν
772 3802 881 3861 τῶν
925 3797 1316 3879 γεγραφότων
1360 3798 1457 3860 καὶ
1502 3795 1861 3876 γραψόντων.
1931 3794 2141 3858 Plato:
2190 3794 2302 3875 ἰδία

307 3915 340 3990 ἢ
374 3914 618 3997 δημοσίᾳ
647 3914 843 3992 νόμους
873 3914 1042 3985 τιθείς
1051 3940 1069 3990 3
1115 3913 1390 3999 Epistola
1413 3916 1494 3998 (p.
1530 3917 1658 3977 344
1690 3912 1794 3999 C):
1843 3912 2300 3994 ξυγγράμματα

303 4033 701 4113 γεγραμμένα
760 4031 863 4097 εἴτ’
922 4035 979 4097 ἐν
1039 4032 1223 4109 νόμοις
1284 4032 1571 4106 νομοθέτου
1630 4032 1734 4097 εἴτ’
1793 4035 1850 4097 ἐν
1910 4030 2110 4103 ἄλλοις
2153 4031 2299 4096 τισὶν

259 4192 273 4205 ι
304 4149 441 4217 ἅττ’
486 4148 594 4219 οὖν.
688 4152 967 4236 Denique
1012 4152 1216 4215 confer
1260 4150 1533 4215 Platonis
1587 4151 1771 4229 illud,
1828 4152 2020 4216 οὐδένα
2065 4150 2296 4215 πώποτε
