<?xml version="1.0" encoding="UTF-8"?>
<!DOCTYPE html PUBLIC "-//W3C//DTD XHTML 1.0 Transitional//EN"
    "http://www.w3.org/TR/xhtml1/DTD/xhtml1-transitional.dtd">
<html xmlns="http://www.w3.org/1999/xhtml" xml:lang="en" lang="en">
 <head>
  <title>
</title>
<meta http-equiv="Content-Type" content="text/html;charset=utf-8" />
  <meta name='ocr-system' content='tesseract 3.04.00' />
  <meta name='ocr-capabilities' content='ocr_page ocr_carea ocr_par ocr_line ocrx_word'/>
</head>
<body>
  <div class='ocr_page' id='page_1' title='image "./commentatiocrit02karsgoog_0146.png"; bbox 0 0 3025 5067; ppageno 0'>
   <div class='ocr_carea' id='block_1_1' title="bbox 1553 393 1777 454">
    <p class='ocr_par' dir='ltr' id='par_1_1' title="bbox 1553 393 1777 454">
     <span class='ocr_line' id='line_1_1' title="bbox 1553 393 1777 454; baseline 0.013 -5"><span class='ocrx_word' id='word_1_1' title='bbox 1553 435 1563 449; x_wconf 93' lang='lat'>.</span> <span class='ocrx_word' id='word_1_2' title='bbox 1654 393 1777 454; x_wconf 79' lang='lat'>126</span> 
     </span>
    </p>
   </div>
   <div class='ocr_carea' id='block_1_2' title="bbox 695 597 2727 1516">
    <p class='ocr_par' dir='ltr' id='par_1_2' title="bbox 702 597 2727 1398">
     <span class='ocr_line' id='line_1_2' title="bbox 705 597 2727 686; baseline -0.001 -24"><span class='ocrx_word' id='word_1_3' title='bbox 705 623 946 664; x_wconf 88' lang='lat' dir='ltr'>scenam</span> <span class='ocrx_word' id='word_1_4' title='bbox 1007 600 1306 686; x_wconf 87' lang='lat' dir='ltr'>producta</span> <span class='ocrx_word' id='word_1_5' title='bbox 1362 606 1470 663; x_wconf 88' lang='lat' dir='ltr'>est.</span> <span class='ocrx_word' id='word_1_6' title='bbox 1542 600 1915 679; x_wconf 63' lang='grc' dir='ltr'><em>Ἀρίστυλλος</em></span> <span class='ocrx_word' id='word_1_7' title='bbox 1960 599 2249 662; x_wconf 88' lang='lat' dir='ltr'>nimirum</span> <span class='ocrx_word' id='word_1_8' title='bbox 2296 597 2550 662; x_wconf 80' lang='lat' dir='ltr'>ridicule</span> <span class='ocrx_word' id='word_1_9' title='bbox 2604 597 2727 660; x_wconf 82' lang='lat' dir='ltr'>fac-</span> 
     </span>
     <span class='ocr_line' id='line_1_3' title="bbox 704 715 2727 807; baseline -0.002 -25"><span class='ocrx_word' id='word_1_10' title='bbox 704 727 840 784; x_wconf 84' lang='lat' dir='ltr'>tum</span> <span class='ocrx_word' id='word_1_11' title='bbox 885 743 958 784; x_wconf 86' lang='lat' dir='ltr'>ex</span> <span class='ocrx_word' id='word_1_12' title='bbox 1002 723 1374 801; x_wconf 71' lang='grc' dir='ltr'><em>Ἀριστοκλῆς</em></span> <span class='ocrx_word' id='word_1_13' title='bbox 1422 720 1518 801; x_wconf 88' lang='lat' dir='ltr'>(ut</span> <span class='ocrx_word' id='word_1_14' title='bbox 1564 741 1636 782; x_wconf 88' lang='lat' dir='ltr'>ex</span> <span class='ocrx_word' id='word_1_15' title='bbox 1690 721 1981 798; x_wconf 74' lang='grc' dir='ltr'><em>Ἡρακλῆς</em></span> <span class='ocrx_word' id='word_1_16' title='bbox 2024 719 2366 807; x_wconf 67' lang='grc' dir='ltr'><em>Ἥρυλλος),</em></span> <span class='ocrx_word' id='word_1_17' title='bbox 2417 715 2584 800; x_wconf 89' lang='lat' dir='ltr'>quod</span> <span class='ocrx_word' id='word_1_18' title='bbox 2618 739 2727 780; x_wconf 90' lang='lat' dir='ltr'>no-</span> 
     </span>
     <span class='ocr_line' id='line_1_4' title="bbox 702 836 2723 921; baseline -0.002 -18"><span class='ocrx_word' id='word_1_19' title='bbox 702 861 843 903; x_wconf 90' lang='lat' dir='ltr'>men</span> <span class='ocrx_word' id='word_1_20' title='bbox 874 838 1118 902; x_wconf 86' lang='lat' dir='ltr'>Platoni</span> <span class='ocrx_word' id='word_1_21' title='bbox 1149 838 1286 902; x_wconf 81' lang='lat' dir='ltr'>fuit.</span> <span class='ocrx_word' id='word_1_22' title='bbox 1321 839 1364 921; x_wconf 87' lang='lat'>¹)</span> <span class='ocrx_word' id='word_1_23' title='bbox 1410 837 1450 900; x_wconf 89' lang='lat' dir='ltr'><strong>J</strong></span> <span class='ocrx_word' id='word_1_24' title='bbox 1453 859 1549 900; x_wconf 84' lang='lat' dir='ltr'>am</span> <span class='ocrx_word' id='word_1_25' title='bbox 1585 836 2036 900; x_wconf 84' lang='lat' dir='ltr'>Ecclesiazusae</span> <span class='ocrx_word' id='word_1_26' title='bbox 2069 836 2267 900; x_wconf 89' lang='lat' dir='ltr'>editae</span> <span class='ocrx_word' id='word_1_27' title='bbox 2299 843 2445 899; x_wconf 87' lang='lat' dir='ltr'>sunt</span> <span class='ocrx_word' id='word_1_28' title='bbox 2467 836 2723 899; x_wconf 87' lang='lat' dir='ltr'>ineunte</span> 
     </span>
     <span class='ocr_line' id='line_1_5' title="bbox 703 954 2723 1040; baseline -0.002 -20"><span class='ocrx_word' id='word_1_29' title='bbox 703 956 803 1021; x_wconf 92' lang='lat' dir='ltr'>Ol.</span> <span class='ocrx_word' id='word_1_30' title='bbox 871 961 950 1023; x_wconf 84' lang='lat'>97</span> <span class='ocrx_word' id='word_1_31' title='bbox 1013 957 1106 1020; x_wconf 88' lang='lat' dir='ltr'>vel</span> <span class='ocrx_word' id='word_1_32' title='bbox 1150 979 1274 1020; x_wconf 91' lang='lat' dir='ltr'>non</span> <span class='ocrx_word' id='word_1_33' title='bbox 1320 956 1518 1020; x_wconf 86' lang='lat' dir='ltr'>multo</span> <span class='ocrx_word' id='word_1_34' title='bbox 1564 963 1733 1040; x_wconf 86' lang='lat' dir='ltr'>post,</span> <span class='ocrx_word' id='word_1_35' title='bbox 1783 978 1857 1018; x_wconf 87' lang='lat' dir='ltr'>ex</span> <span class='ocrx_word' id='word_1_36' title='bbox 1903 977 2025 1038; x_wconf 91' lang='lat' dir='ltr'>quo</span> <span class='ocrx_word' id='word_1_37' title='bbox 2074 955 2396 1032; x_wconf 87' lang='lat' dir='ltr'>efficiatur,</span> <span class='ocrx_word' id='word_1_38' title='bbox 2444 954 2723 1018; x_wconf 80' lang='lat' dir='ltr'>Platonis</span> 
     </span>
     <span class='ocr_line' id='line_1_6' title="bbox 704 1073 2724 1160; baseline -0.003 -18"><span class='ocrx_word' id='word_1_39' title='bbox 704 1077 1010 1142; x_wconf 75' lang='grc' dir='ltr'><em>Πολιτείαν</em></span> <span class='ocrx_word' id='word_1_40' title='bbox 1058 1075 1239 1160; x_wconf 89' lang='lat' dir='ltr'>paulo</span> <span class='ocrx_word' id='word_1_41' title='bbox 1272 1082 1411 1139; x_wconf 88' lang='lat' dir='ltr'>ante</span> <span class='ocrx_word' id='word_1_42' title='bbox 1443 1075 1559 1138; x_wconf 93' lang='lat' dir='ltr'>hoc</span> <span class='ocrx_word' id='word_1_43' title='bbox 1590 1081 1831 1160; x_wconf 87' lang='lat' dir='ltr'>tempus</span> <span class='ocrx_word' id='word_1_44' title='bbox 1864 1075 2086 1139; x_wconf 88' lang='lat' dir='ltr'>editam</span> <span class='ocrx_word' id='word_1_45' title='bbox 2121 1097 2253 1138; x_wconf 89' lang='lat' dir='ltr'>esse</span> <span class='ocrx_word' id='word_1_46' title='bbox 2268 1125 2286 1152; x_wconf 95' lang='lat'>,</span> <span class='ocrx_word' id='word_1_47' title='bbox 2322 1097 2511 1158; x_wconf 90' lang='lat' dir='ltr'>quum</span> <span class='ocrx_word' id='word_1_48' title='bbox 2541 1073 2724 1137; x_wconf 88' lang='lat' dir='ltr'>Plato</span> 
     </span>
     <span class='ocr_line' id='line_1_7' title="bbox 704 1194 2724 1279; baseline -0.002 -20"><span class='ocrx_word' id='word_1_49' title='bbox 704 1204 863 1260; x_wconf 88' lang='lat' dir='ltr'>esset</span> <span class='ocrx_word' id='word_1_50' title='bbox 893 1217 1082 1279; x_wconf 88' lang='lat' dir='ltr'>paene</span> <span class='ocrx_word' id='word_1_51' title='bbox 1115 1194 1635 1278; x_wconf 83' lang='lat' dir='ltr'>quadragenarius</span> <span class='ocrx_word' id='word_1_52' title='bbox 1654 1244 1672 1272; x_wconf 91' lang='lat'>,</span> <span class='ocrx_word' id='word_1_53' title='bbox 1720 1194 1931 1278; x_wconf 85' lang='lat' dir='ltr'>paucis</span> <span class='ocrx_word' id='word_1_54' title='bbox 1979 1201 2119 1258; x_wconf 90' lang='lat' dir='ltr'>ante</span> <span class='ocrx_word' id='word_1_55' title='bbox 2165 1195 2339 1258; x_wconf 89' lang='lat' dir='ltr'>annis</span> <span class='ocrx_word' id='word_1_56' title='bbox 2374 1216 2555 1277; x_wconf 91' lang='lat' dir='ltr'>quam</span> <span class='ocrx_word' id='word_1_57' title='bbox 2602 1194 2724 1256; x_wconf 89' lang='lat' dir='ltr'>iter</span> 
     </span>
     <span class='ocr_line' id='line_1_8' title="bbox 703 1309 1576 1398; baseline 0.001 -21"><span class='ocrx_word' id='word_1_58' title='bbox 703 1316 768 1378; x_wconf 92' lang='lat' dir='ltr'>in</span> <span class='ocrx_word' id='word_1_59' title='bbox 815 1315 1058 1378; x_wconf 86' lang='lat' dir='ltr'>Italiam</span> <span class='ocrx_word' id='word_1_60' title='bbox 1105 1315 1391 1398; x_wconf 80' lang='lat' dir='ltr'>suscepit.</span> <span class='ocrx_word' id='word_1_61' title='bbox 1418 1316 1467 1397; x_wconf 81' lang='grc'>2)</span> <span class='ocrx_word' id='word_1_62' title='bbox 1572 1309 1576 1314; x_wconf 64' lang='grc'><em>’</em></span> 
     </span>
    </p>

    <p class='ocr_par' dir='ltr' id='par_1_3' title="bbox 695 1407 2721 1516">
     <span class='ocr_line' id='line_1_9' title="bbox 695 1407 2721 1516; baseline -0.002 -19"><span class='ocrx_word' id='word_1_63' title='bbox 695 1407 700 1413; x_wconf 38' lang='grc'><strong>’</strong></span> <span class='ocrx_word' id='word_1_64' title='bbox 792 1433 966 1513; x_wconf 77' lang='lat' dir='ltr'>Quae</span> <span class='ocrx_word' id='word_1_65' title='bbox 1014 1441 1224 1496; x_wconf 87' lang='lat' dir='ltr'>contra</span> <span class='ocrx_word' id='word_1_66' title='bbox 1269 1432 1711 1496; x_wconf 81' lang='lat' dir='ltr'>Stallbaumius</span> <span class='ocrx_word' id='word_1_67' title='bbox 1760 1433 2036 1516; x_wconf 88' lang='lat' dir='ltr'>disputat</span> <span class='ocrx_word' id='word_1_68' title='bbox 2079 1433 2145 1496; x_wconf 91' lang='lat' dir='ltr'>in</span> <span class='ocrx_word' id='word_1_69' title='bbox 2191 1432 2430 1516; x_wconf 87' lang='lat' dir='ltr'>Proleg.</span> <span class='ocrx_word' id='word_1_70' title='bbox 2458 1431 2535 1494; x_wconf 86' lang='lat' dir='ltr'>ad</span> <span class='ocrx_word' id='word_1_71' title='bbox 2562 1431 2721 1494; x_wconf 91' lang='lat' dir='ltr'>Plat.</span> 
     </span>
    </p>
   </div>
   <div class='ocr_carea' id='block_1_3' title="bbox 699 1550 2729 1636">
    <p class='ocr_par' dir='ltr' id='par_1_4' title="bbox 699 1550 2729 1636">
     <span class='ocr_line' id='line_1_10' title="bbox 699 1550 2729 1636; baseline -0.001 -22"><span class='ocrx_word' id='word_1_72' title='bbox 699 1551 774 1614; x_wconf 90' lang='lat' dir='ltr'>de</span> <span class='ocrx_word' id='word_1_73' title='bbox 828 1551 978 1636; x_wconf 80' lang='lat' dir='ltr'>Rep.</span> <span class='ocrx_word' id='word_1_74' title='bbox 1031 1576 1089 1636; x_wconf 92' lang='lat' dir='ltr'>p.</span> <span class='ocrx_word' id='word_1_75' title='bbox 1139 1550 1353 1614; x_wconf 88' lang='lat' dir='ltr'><strong>LXIX</strong></span> <span class='ocrx_word' id='word_1_76' title='bbox 1371 1601 1389 1628; x_wconf 95' lang='lat'>,</span> <span class='ocrx_word' id='word_1_77' title='bbox 1440 1551 1518 1614; x_wconf 86' lang='lat' dir='ltr'>ad</span> <span class='ocrx_word' id='word_1_78' title='bbox 1564 1550 2045 1635; x_wconf 85' lang='lat' dir='ltr'>redarguendam</span> <span class='ocrx_word' id='word_1_79' title='bbox 2081 1550 2552 1634; x_wconf 85' lang='lat' dir='ltr'>Morgensternii</span> <span class='ocrx_word' id='word_1_80' title='bbox 2592 1573 2729 1612; x_wconf 89' lang='lat' dir='ltr'>sen-</span> 
     </span>
    </p>
   </div>
   <div class='ocr_carea' id='block_1_4' title="bbox 699 1668 2727 3060">
    <p class='ocr_par' dir='ltr' id='par_1_5' title="bbox 699 1668 2727 3060">
     <span class='ocr_line' id='line_1_11' title="bbox 701 1668 2723 1748; baseline -0.001 -15"><span class='ocrx_word' id='word_1_81' title='bbox 701 1671 985 1748; x_wconf 83' lang='lat' dir='ltr'>tentiam,</span> <span class='ocrx_word' id='word_1_82' title='bbox 1023 1693 1092 1734; x_wconf 92' lang='lat' dir='ltr'>ea</span> <span class='ocrx_word' id='word_1_83' title='bbox 1123 1669 1338 1733; x_wconf 89' lang='lat' dir='ltr'>merito</span> <span class='ocrx_word' id='word_1_84' title='bbox 1368 1691 1494 1732; x_wconf 89' lang='lat' dir='ltr'>non</span> <span class='ocrx_word' id='word_1_85' title='bbox 1527 1669 1949 1733; x_wconf 82' lang='lat' dir='ltr'>satisfecerunt</span> <span class='ocrx_word' id='word_1_86' title='bbox 1973 1669 2283 1732; x_wconf 89' lang='lat' dir='ltr'>Meinekio</span> <span class='ocrx_word' id='word_1_87' title='bbox 2308 1676 2369 1733; x_wconf 90' lang='lat' dir='ltr'>et</span> <span class='ocrx_word' id='word_1_88' title='bbox 2393 1668 2723 1731; x_wconf 77' lang='lat' dir='ltr'>SiickoviO.</span> 
     </span>
     <span class='ocr_line' id='line_1_12' title="bbox 701 1788 2725 1874; baseline 0 -22"><span class='ocrx_word' id='word_1_89' title='bbox 701 1789 1024 1874; x_wconf 87' lang='lat' dir='ltr'>Leguntur</span> <span class='ocrx_word' id='word_1_90' title='bbox 1071 1789 1318 1872; x_wconf 89' lang='lat' dir='ltr'>quidem</span> <span class='ocrx_word' id='word_1_91' title='bbox 1365 1789 1430 1852; x_wconf 87' lang='lat' dir='ltr'>in</span> <span class='ocrx_word' id='word_1_92' title='bbox 1470 1788 1790 1852; x_wconf 87' lang='lat' dir='ltr'>Platonica</span> <span class='ocrx_word' id='word_1_93' title='bbox 1821 1789 2064 1852; x_wconf 85' lang='lat' dir='ltr'>civitate</span> <span class='ocrx_word' id='word_1_94' title='bbox 2096 1811 2252 1873; x_wconf 89' lang='lat' dir='ltr'>quae</span> <span class='ocrx_word' id='word_1_95' title='bbox 2284 1795 2423 1873; x_wconf 91' lang='lat' dir='ltr'>post</span> <span class='ocrx_word' id='word_1_96' title='bbox 2454 1788 2725 1852; x_wconf 78' lang='lat' dir='ltr'>reditum</span> 
     </span>
     <span class='ocr_line' id='line_1_13' title="bbox 703 1907 2726 1992; baseline 0 -22"><span class='ocrx_word' id='word_1_97' title='bbox 703 1908 833 1971; x_wconf 89' lang='lat' dir='ltr'>eius</span> <span class='ocrx_word' id='word_1_98' title='bbox 865 1931 937 1970; x_wconf 86' lang='lat' dir='ltr'>ex</span> <span class='ocrx_word' id='word_1_99' title='bbox 977 1907 1258 1992; x_wconf 86' lang='lat' dir='ltr'>Dionysii</span> <span class='ocrx_word' id='word_1_100' title='bbox 1301 1907 1442 1970; x_wconf 86' lang='lat' dir='ltr'>aula</span> <span class='ocrx_word' id='word_1_101' title='bbox 1481 1908 1707 1992; x_wconf 88' lang='lat' dir='ltr'>scripta</span> <span class='ocrx_word' id='word_1_102' title='bbox 1746 1907 2064 1989; x_wconf 82' lang='lat' dir='ltr'>videntur,</span> <span class='ocrx_word' id='word_1_103' title='bbox 2110 1917 2182 1972; x_wconf 92' lang='lat' dir='ltr'>ut</span> <span class='ocrx_word' id='word_1_104' title='bbox 2218 1908 2419 1992; x_wconf 85' lang='lat' dir='ltr'>imago</span> <span class='ocrx_word' id='word_1_105' title='bbox 2444 1908 2726 1991; x_wconf 82' lang='lat' dir='ltr'>tyranni,</span> 
     </span>
     <span class='ocr_line' id='line_1_14' title="bbox 703 2001 2725 2110; baseline -0 -20"><span class='ocrx_word' id='word_1_106' title='bbox 703 2026 928 2090; x_wconf 86' lang='lat' dir='ltr'>mentio</span> <span class='ocrx_word' id='word_1_107' title='bbox 978 2025 1052 2088; x_wconf 92' lang='lat' dir='ltr'>de</span> <span class='ocrx_word' id='word_1_108' title='bbox 1101 2025 1399 2103; x_wconf 85' lang='lat' dir='ltr'>Ismenia,</span> <span class='ocrx_word' id='word_1_109' title='bbox 1449 2025 1857 2109; x_wconf 84' lang='lat' dir='ltr'>Pythagorica</span> <span class='ocrx_word' id='word_1_110' title='bbox 1902 2001 2626 2110; x_wconf 55' lang='lat' dir='ltr'>quaedam·(Stallbaum,</span> <span class='ocrx_word' id='word_1_111' title='bbox 2660 2050 2725 2110; x_wconf 87' lang='lat' dir='ltr'>p.</span> 
     </span>
     <span class='ocr_line' id='line_1_15' title="bbox 702 2144 2724 2230; baseline 0 -23"><span class='ocrx_word' id='word_1_112' title='bbox 702 2145 935 2229; x_wconf 89' lang='lat' dir='ltr'>LXV),</span> <span class='ocrx_word' id='word_1_113' title='bbox 987 2144 1091 2208; x_wconf 91' lang='lat' dir='ltr'>sed</span> <span class='ocrx_word' id='word_1_114' title='bbox 1138 2144 1298 2207; x_wconf 89' lang='lat' dir='ltr'>nihil</span> <span class='ocrx_word' id='word_1_115' title='bbox 1337 2144 1579 2208; x_wconf 90' lang='lat' dir='ltr'>credere</span> <span class='ocrx_word' id='word_1_116' title='bbox 1609 2167 1721 2208; x_wconf 90' lang='lat' dir='ltr'>nos</span> <span class='ocrx_word' id='word_1_117' title='bbox 1754 2151 1951 2222; x_wconf 87' lang='lat' dir='ltr'>vetat,</span> <span class='ocrx_word' id='word_1_118' title='bbox 1992 2145 2309 2209; x_wconf 90' lang='lat' dir='ltr'>Platonem</span> <span class='ocrx_word' id='word_1_119' title='bbox 2341 2169 2494 2230; x_wconf 87' lang='lat' dir='ltr'>opus</span> <span class='ocrx_word' id='word_1_120' title='bbox 2526 2145 2724 2224; x_wconf 88' lang='lat' dir='ltr'>illud,</span> 
     </span>
     <span class='ocr_line' id='line_1_16' title="bbox 701 2263 2725 2348; baseline 0 -22"><span class='ocrx_word' id='word_1_121' title='bbox 701 2272 1024 2348; x_wconf 88' lang='lat' dir='ltr'>postquam</span> <span class='ocrx_word' id='word_1_122' title='bbox 1072 2263 1299 2341; x_wconf 88' lang='lat' dir='ltr'>edidit,</span> <span class='ocrx_word' id='word_1_123' title='bbox 1349 2271 1711 2327; x_wconf 87' lang='lat' dir='ltr'>retractasse</span> <span class='ocrx_word' id='word_1_124' title='bbox 1760 2271 1820 2327; x_wconf 91' lang='lat' dir='ltr'>et</span> <span class='ocrx_word' id='word_1_125' title='bbox 1866 2264 2263 2348; x_wconf 84' lang='lat' dir='ltr'>amplificasse</span> <span class='ocrx_word' id='word_1_126' title='bbox 2279 2290 2298 2342; x_wconf 79' lang='lat'>3</span> <span class='ocrx_word' id='word_1_127' title='bbox 2347 2265 2468 2327; x_wconf 90' lang='lat' dir='ltr'>imo</span> <span class='ocrx_word' id='word_1_128' title='bbox 2516 2287 2585 2328; x_wconf 88' lang='lat' dir='ltr'>eo</span> <span class='ocrx_word' id='word_1_129' title='bbox 2612 2288 2725 2328; x_wconf 87' lang='lat' dir='ltr'>nos</span> 
     </span>
     <span class='ocr_line' id='line_1_17' title="bbox 701 2381 2724 2466; baseline 0.001 -22"><span class='ocrx_word' id='word_1_130' title='bbox 701 2381 874 2444; x_wconf 90' lang='lat' dir='ltr'>ducit</span> <span class='ocrx_word' id='word_1_131' title='bbox 913 2381 1206 2445; x_wconf 89' lang='lat' dir='ltr'>disertum</span> <span class='ocrx_word' id='word_1_132' title='bbox 1252 2382 1534 2466; x_wconf 83' lang='lat' dir='ltr'>Dionysii</span> <span class='ocrx_word' id='word_1_133' title='bbox 1585 2382 2139 2447; x_wconf 86' lang='lat' dir='ltr'>Halicarnassensis</span> <span class='ocrx_word' id='word_1_134' title='bbox 2182 2383 2635 2459; x_wconf 83' lang='lat' dir='ltr'>testimonium,</span> <span class='ocrx_word' id='word_1_135' title='bbox 2669 2383 2724 2466; x_wconf 90' lang='lat'>3)</span> 
     </span>
     <span class='ocr_line' id='line_1_18' title="bbox 704 2501 2725 2585; baseline 0 -21"><span class='ocrx_word' id='word_1_136' title='bbox 704 2501 809 2585; x_wconf 88' lang='lat' dir='ltr'>qui</span> <span class='ocrx_word' id='word_1_137' title='bbox 873 2509 1106 2578; x_wconf 89' lang='lat' dir='ltr'>narrat,</span> <span class='ocrx_word' id='word_1_138' title='bbox 1171 2501 1488 2564; x_wconf 87' lang='lat' dir='ltr'>Platonem</span> <span class='ocrx_word' id='word_1_139' title='bbox 1543 2501 1621 2564; x_wconf 92' lang='lat' dir='ltr'>ad</span> <span class='ocrx_word' id='word_1_140' title='bbox 1676 2525 1976 2566; x_wconf 87' lang='lat' dir='ltr'>summam</span> <span class='ocrx_word' id='word_1_141' title='bbox 2021 2524 2216 2585; x_wconf 88' lang='lat' dir='ltr'>usque</span> <span class='ocrx_word' id='word_1_142' title='bbox 2264 2509 2638 2565; x_wconf 84' lang='lat' dir='ltr'>senectutem</span> <span class='ocrx_word' id='word_1_143' title='bbox 2685 2524 2725 2564; x_wconf 90' lang='lat' dir='ltr'>a</span> 
     </span>
     <span class='ocr_line' id='line_1_19' title="bbox 699 2618 2721 2704; baseline -0 -22"><span class='ocrx_word' id='word_1_144' title='bbox 699 2619 984 2682; x_wconf 83' lang='lat' dir='ltr'>limandis</span> <span class='ocrx_word' id='word_1_145' title='bbox 1031 2626 1094 2681; x_wconf 93' lang='lat' dir='ltr'>et</span> <span class='ocrx_word' id='word_1_146' title='bbox 1138 2618 1515 2702; x_wconf 82' lang='lat' dir='ltr'>expoliendis</span> <span class='ocrx_word' id='word_1_147' title='bbox 1556 2619 1841 2704; x_wconf 88' lang='lat' dir='ltr'>operibus</span> <span class='ocrx_word' id='word_1_148' title='bbox 1889 2642 2015 2684; x_wconf 89' lang='lat' dir='ltr'>non</span> <span class='ocrx_word' id='word_1_149' title='bbox 2056 2619 2392 2698; x_wconf 89' lang='lat' dir='ltr'>destitisse,</span> <span class='ocrx_word' id='word_1_150' title='bbox 2428 2628 2489 2684; x_wconf 89' lang='lat' dir='ltr'>et</span> <span class='ocrx_word' id='word_1_151' title='bbox 2520 2621 2721 2704; x_wconf 90' lang='lat' dir='ltr'>ipsum</span> 
     </span>
     <span class='ocr_line' id='line_1_20' title="bbox 699 2736 2726 2820; baseline 0 -21"><span class='ocrx_word' id='word_1_152' title='bbox 699 2736 854 2800; x_wconf 89' lang='lat' dir='ltr'>illud</span> <span class='ocrx_word' id='word_1_153' title='bbox 914 2759 1068 2820; x_wconf 88' lang='lat' dir='ltr'>opus</span> <span class='ocrx_word' id='word_1_154' title='bbox 1129 2736 1204 2798; x_wconf 90' lang='lat' dir='ltr'>de</span> <span class='ocrx_word' id='word_1_155' title='bbox 1266 2759 1389 2820; x_wconf 91' lang='lat' dir='ltr'>quo</span> <span class='ocrx_word' id='word_1_156' title='bbox 1441 2738 1755 2820; x_wconf 88' lang='lat' dir='ltr'>loquimur</span> <span class='ocrx_word' id='word_1_157' title='bbox 1816 2739 1999 2802; x_wconf 87' lang='lat' dir='ltr'>etiam</span> <span class='ocrx_word' id='word_1_158' title='bbox 2056 2745 2324 2801; x_wconf 84' lang='lat' dir='ltr'>extremo</span> <span class='ocrx_word' id='word_1_159' title='bbox 2370 2739 2532 2802; x_wconf 87' lang='lat' dir='ltr'>vitae</span> <span class='ocrx_word' id='word_1_160' title='bbox 2577 2745 2726 2800; x_wconf 89' lang='lat' dir='ltr'>tem—</span> 
     </span>
     <span class='ocr_line' id='line_1_21' title="bbox 705 2837 2721 2940; baseline -0 -22"><span class='ocrx_word' id='word_1_161' title='bbox 705 2878 849 2940; x_wconf 87' lang='lat' dir='ltr'>pore</span> <span class='ocrx_word' id='word_1_162' title='bbox 894 2855 959 2918; x_wconf 92' lang='lat' dir='ltr'>in</span> <span class='ocrx_word' id='word_1_163' title='bbox 1004 2837 1308 2920; x_wconf 32' lang='lat' dir='ltr'>manibus·</span> <span class='ocrx_word' id='word_1_164' title='bbox 1337 2854 1647 2920; x_wconf 88' lang='lat' dir='ltr'>habuisse.</span> <span class='ocrx_word' id='word_1_165' title='bbox 1748 2856 1916 2919; x_wconf 90' lang='lat' dir='ltr'>Illud</span> <span class='ocrx_word' id='word_1_166' title='bbox 1962 2863 2122 2920; x_wconf 86' lang='lat' dir='ltr'>certe</span> <span class='ocrx_word' id='word_1_167' title='bbox 2177 2863 2394 2920; x_wconf 87' lang='lat' dir='ltr'>notatu</span> <span class='ocrx_word' id='word_1_168' title='bbox 2427 2855 2721 2939; x_wconf 86' lang='lat' dir='ltr'>dignum,</span> 
     </span>
     <span class='ocr_line' id='line_1_22' title="bbox 702 2974 2727 3060; baseline -0.001 -22"><span class='ocrx_word' id='word_1_169' title='bbox 702 2997 857 3058; x_wconf 90' lang='lat' dir='ltr'>quae</span> <span class='ocrx_word' id='word_1_170' title='bbox 919 2976 982 3038; x_wconf 86' lang='lat' dir='ltr'>in</span> <span class='ocrx_word' id='word_1_171' title='bbox 1045 2976 1157 3038; x_wconf 92' lang='lat' dir='ltr'>hac</span> <span class='ocrx_word' id='word_1_172' title='bbox 1225 2975 1482 3060; x_wconf 87' lang='lat' dir='ltr'>epistola</span> <span class='ocrx_word' id='word_1_173' title='bbox 1536 2975 1612 3039; x_wconf 91' lang='lat' dir='ltr'>de</span> <span class='ocrx_word' id='word_1_174' title='bbox 1666 2976 1941 3038; x_wconf 85' lang='lat' dir='ltr'>Platonis</span> <span class='ocrx_word' id='word_1_175' title='bbox 1990 2976 2293 3039; x_wconf 88' lang='lat' dir='ltr'>sententia</span> <span class='ocrx_word' id='word_1_176' title='bbox 2340 2974 2589 3059; x_wconf 89' lang='lat' dir='ltr'>politica</span> <span class='ocrx_word' id='word_1_177' title='bbox 2636 2975 2727 3038; x_wconf 89' lang='lat' dir='ltr'>di-</span> 
     </span>
    </p>
   </div>
   <div class='ocr_carea' id='block_1_5' title="bbox 708 3210 1041 3219">
    <p class='ocr_par' dir='ltr' id='par_1_6' title="bbox 708 3210 1041 3219">
     <span class='ocr_line' id='line_1_23' title="bbox 708 3210 1041 3219; baseline 0 0"><span class='ocrx_word' id='word_1_178' title='bbox 708 3210 1041 3219; x_wconf 95' lang='lat' dir='ltr'> </span> 
     </span>
    </p>
   </div>
   <div class='ocr_carea' id='block_1_6' title="bbox 705 3327 2725 4162">
    <p class='ocr_par' dir='ltr' id='par_1_7' title="bbox 711 3327 2720 3486">
     <span class='ocr_line' id='line_1_24' title="bbox 777 3327 2720 3393; baseline 0 -18"><span class='ocrx_word' id='word_1_179' title='bbox 777 3328 824 3387; x_wconf 93' lang='lat' dir='ltr'>l)</span> <span class='ocrx_word' id='word_1_180' title='bbox 860 3327 1108 3386; x_wconf 88' lang='lat' dir='ltr'>Meineke,</span> <span class='ocrx_word' id='word_1_181' title='bbox 1141 3327 1328 3393; x_wconf 82' lang='lat' dir='ltr'>Fragm.</span> <span class='ocrx_word' id='word_1_182' title='bbox 1365 3329 1503 3379; x_wconf 88' lang='lat' dir='ltr'>Com.</span> <span class='ocrx_word' id='word_1_183' title='bbox 1540 3331 1579 3378; x_wconf 90' lang='grc' dir='ltr'>Ι.</span> <span class='ocrx_word' id='word_1_184' title='bbox 1614 3345 1659 3392; x_wconf 86' lang='lat' dir='ltr'>p.</span> <span class='ocrx_word' id='word_1_185' title='bbox 1697 3329 1809 3377; x_wconf 83' lang='lat'>388.</span> <span class='ocrx_word' id='word_1_186' title='bbox 1844 3329 1913 3378; x_wconf 90' lang='lat' dir='ltr'>II.</span> <span class='ocrx_word' id='word_1_187' title='bbox 1948 3344 1993 3392; x_wconf 88' lang='lat' dir='ltr'>p.</span> <span class='ocrx_word' id='word_1_188' title='bbox 2035 3329 2178 3378; x_wconf 81' lang='lat'>1162.</span> <span class='ocrx_word' id='word_1_189' title='bbox 2227 3329 2405 3392; x_wconf 86' lang='lat' dir='ltr'>Bergk,</span> <span class='ocrx_word' id='word_1_190' title='bbox 2442 3328 2546 3378; x_wconf 85' lang='lat' dir='ltr'>Rel.</span> <span class='ocrx_word' id='word_1_191' title='bbox 2580 3327 2720 3377; x_wconf 88' lang='lat' dir='ltr'>Com.</span> 
     </span>
     <span class='ocr_line' id='line_1_25' title="bbox 711 3422 1208 3486; baseline 0.004 -16"><span class='ocrx_word' id='word_1_192' title='bbox 711 3425 812 3471; x_wconf 82' lang='lat' dir='ltr'>Att.</span> <span class='ocrx_word' id='word_1_193' title='bbox 848 3439 895 3486; x_wconf 89' lang='lat' dir='ltr'>p.</span> <span class='ocrx_word' id='word_1_194' title='bbox 929 3422 1043 3482; x_wconf 85' lang='lat'>404,</span> <span class='ocrx_word' id='word_1_195' title='bbox 1077 3428 1208 3472; x_wconf 85' lang='lat' dir='ltr'>nota.</span> 
     </span>
    </p>

    <p class='ocr_par' dir='ltr' id='par_1_8' title="bbox 705 3518 2725 3964">
     <span class='ocr_line' id='line_1_26' title="bbox 774 3518 2725 3582; baseline 0.001 -16"><span class='ocrx_word' id='word_1_196' title='bbox 774 3519 822 3579; x_wconf 81' lang='lat'>2)</span> <span class='ocrx_word' id='word_1_197' title='bbox 860 3518 1026 3566; x_wconf 83' lang='lat' dir='ltr'>Eidem</span> <span class='ocrx_word' id='word_1_198' title='bbox 1061 3519 1271 3582; x_wconf 88' lang='lat' dir='ltr'>opinioni</span> <span class='ocrx_word' id='word_1_199' title='bbox 1307 3518 1543 3567; x_wconf 86' lang='lat' dir='ltr'>calculum</span> <span class='ocrx_word' id='word_1_200' title='bbox 1582 3519 1812 3581; x_wconf 82' lang='lat' dir='ltr'>adjiciunt</span> <span class='ocrx_word' id='word_1_201' title='bbox 1845 3520 2204 3579; x_wconf 80' lang='lat' dir='ltr'>Tchorzewski,</span> <span class='ocrx_word' id='word_1_202' title='bbox 2236 3520 2293 3569; x_wconf 86' lang='lat' dir='ltr'>de</span> <span class='ocrx_word' id='word_1_203' title='bbox 2318 3520 2444 3569; x_wconf 80' lang='lat' dir='ltr'>Plat.</span> <span class='ocrx_word' id='word_1_204' title='bbox 2462 3520 2654 3568; x_wconf 78' lang='lat' dir='ltr'>Timaeo</span> <span class='ocrx_word' id='word_1_205' title='bbox 2672 3525 2725 3568; x_wconf 87' lang='lat' dir='ltr'>et</span> 
     </span>
     <span class='ocr_line' id='line_1_27' title="bbox 707 3613 2725 3679; baseline 0.001 -19"><span class='ocrx_word' id='word_1_206' title='bbox 707 3613 828 3661; x_wconf 81' lang='lat' dir='ltr'>crit.</span> <span class='ocrx_word' id='word_1_207' title='bbox 864 3615 1045 3672; x_wconf 82' lang='lat' dir='ltr'>Kazan,</span> <span class='ocrx_word' id='word_1_208' title='bbox 1083 3613 1208 3665; x_wconf 83' lang='lat'>1847</span> <span class='ocrx_word' id='word_1_209' title='bbox 1229 3652 1242 3672; x_wconf 95' lang='lat'>,</span> <span class='ocrx_word' id='word_1_210' title='bbox 1277 3619 1325 3662; x_wconf 88' lang='lat' dir='ltr'>et</span> <span class='ocrx_word' id='word_1_211' title='bbox 1359 3615 1586 3672; x_wconf 78' lang='lat' dir='ltr'>Siickow,</span> <span class='ocrx_word' id='word_1_212' title='bbox 1624 3615 1744 3663; x_wconf 81' lang='lat' dir='ltr'>libro</span> <span class='ocrx_word' id='word_1_213' title='bbox 1783 3615 1909 3664; x_wconf 87' lang='lat' dir='ltr'>laud.</span> <span class='ocrx_word' id='word_1_214' title='bbox 1945 3631 1992 3679; x_wconf 88' lang='lat' dir='ltr'>p.</span> <span class='ocrx_word' id='word_1_215' title='bbox 2028 3617 2089 3664; x_wconf 81' lang='lat'>41</span> <span class='ocrx_word' id='word_1_216' title='bbox 2110 3631 2210 3679; x_wconf 84' lang='lat' dir='ltr'>sqq.</span> <span class='ocrx_word' id='word_1_217' title='bbox 2247 3615 2354 3663; x_wconf 83' lang='lat' dir='ltr'>Vid.</span> <span class='ocrx_word' id='word_1_218' title='bbox 2376 3615 2513 3663; x_wconf 83' lang='lat' dir='ltr'>etiam</span> <span class='ocrx_word' id='word_1_219' title='bbox 2540 3615 2725 3663; x_wconf 88' lang='lat' dir='ltr'>Ueber-</span> 
     </span>
     <span class='ocr_line' id='line_1_28' title="bbox 709 3709 2725 3775; baseline 0 -18"><span class='ocrx_word' id='word_1_220' title='bbox 709 3725 832 3772; x_wconf 82' lang='lat' dir='ltr'>weg,</span> <span class='ocrx_word' id='word_1_221' title='bbox 867 3709 1040 3758; x_wconf 87' lang='lat' dir='ltr'>Echth.</span> <span class='ocrx_word' id='word_1_222' title='bbox 1078 3727 1123 3758; x_wconf 87' lang='lat' dir='ltr'>u.</span> <span class='ocrx_word' id='word_1_223' title='bbox 1157 3711 1294 3760; x_wconf 82' lang='lat' dir='ltr'>Zeitf.</span> <span class='ocrx_word' id='word_1_224' title='bbox 1317 3711 1364 3760; x_wconf 86' lang='lat' dir='ltr'>d.</span> <span class='ocrx_word' id='word_1_225' title='bbox 1395 3711 1520 3760; x_wconf 81' lang='lat' dir='ltr'>Plat.</span> <span class='ocrx_word' id='word_1_226' title='bbox 1552 3711 1685 3760; x_wconf 86' lang='lat' dir='ltr'>Schr.</span> <span class='ocrx_word' id='word_1_227' title='bbox 1724 3712 1846 3759; x_wconf 81' lang='lat'>1861</span> <span class='ocrx_word' id='word_1_228' title='bbox 1865 3749 1878 3769; x_wconf 92' lang='lat'>,</span> <span class='ocrx_word' id='word_1_229' title='bbox 1904 3727 1950 3775; x_wconf 84' lang='lat' dir='ltr'>p.</span> <span class='ocrx_word' id='word_1_230' title='bbox 1981 3712 2070 3760; x_wconf 82' lang='lat'>121</span> <span class='ocrx_word' id='word_1_231' title='bbox 2092 3728 2161 3774; x_wconf 88' lang='lat' dir='ltr'>sq.</span> <span class='ocrx_word' id='word_1_232' title='bbox 2198 3711 2548 3760; x_wconf 80' lang='lat' dir='ltr'>Ecclesiazusae</span> <span class='ocrx_word' id='word_1_233' title='bbox 2568 3711 2725 3758; x_wconf 79' lang='lat' dir='ltr'>editae</span> 
     </span>
     <span class='ocr_line' id='line_1_29' title="bbox 705 3804 2723 3864; baseline 0.003 -13"><span class='ocrx_word' id='word_1_234' title='bbox 705 3805 962 3853; x_wconf 85' lang='lat' dir='ltr'>secundum</span> <span class='ocrx_word' id='word_1_235' title='bbox 1009 3805 1135 3853; x_wconf 83' lang='lat' dir='ltr'>Sam.</span> <span class='ocrx_word' id='word_1_236' title='bbox 1180 3804 1392 3854; x_wconf 78' lang='lat' dir='ltr'>Potitum</span> <span class='ocrx_word' id='word_1_237' title='bbox 1429 3806 1506 3854; x_wconf 89' lang='lat'>01.</span> <span class='ocrx_word' id='word_1_238' title='bbox 1544 3808 1633 3863; x_wconf 82' lang='lat'>96,</span> <span class='ocrx_word' id='word_1_239' title='bbox 1671 3809 1726 3863; x_wconf 74' lang='lat'>43</span> <span class='ocrx_word' id='word_1_240' title='bbox 1760 3807 2015 3854; x_wconf 84' lang='lat' dir='ltr'>secundum</span> <span class='ocrx_word' id='word_1_241' title='bbox 2053 3807 2343 3856; x_wconf 84' lang='lat' dir='ltr'>Palmerium</span> <span class='ocrx_word' id='word_1_242' title='bbox 2379 3806 2505 3854; x_wconf 87' lang='lat' dir='ltr'>circa</span> <span class='ocrx_word' id='word_1_243' title='bbox 2538 3806 2614 3854; x_wconf 84' lang='lat' dir='ltr'>Ol.</span> <span class='ocrx_word' id='word_1_244' title='bbox 2640 3805 2723 3864; x_wconf 80' lang='lat'>97,</span> 
     </span>
     <span class='ocr_line' id='line_1_30' title="bbox 705 3900 2526 3964; baseline 0.001 -16"><span class='ocrx_word' id='word_1_245' title='bbox 705 3916 810 3948; x_wconf 89' lang='lat' dir='ltr'>cum</span> <span class='ocrx_word' id='word_1_246' title='bbox 850 3916 942 3963; x_wconf 87' lang='lat' dir='ltr'>quo</span> <span class='ocrx_word' id='word_1_247' title='bbox 979 3901 1092 3949; x_wconf 82' lang='lat' dir='ltr'>facit</span> <span class='ocrx_word' id='word_1_248' title='bbox 1125 3902 1559 3964; x_wconf 78' lang='lat' dir='ltr'>Morgen&#39;sternius3</span> <span class='ocrx_word' id='word_1_249' title='bbox 1595 3902 1850 3950; x_wconf 87' lang='lat' dir='ltr'>secundum</span> <span class='ocrx_word' id='word_1_250' title='bbox 1889 3902 2217 3949; x_wconf 83' lang='lat' dir='ltr'>Tchorzewski</span> <span class='ocrx_word' id='word_1_251' title='bbox 2252 3902 2327 3950; x_wconf 90' lang='lat' dir='ltr'>Ol.</span> <span class='ocrx_word' id='word_1_252' title='bbox 2364 3900 2443 3958; x_wconf 84' lang='lat'>97,</span> <span class='ocrx_word' id='word_1_253' title='bbox 2480 3901 2526 3950; x_wconf 83' lang='lat'>3.</span> 
     </span>
    </p>

    <p class='ocr_par' dir='ltr' id='par_1_9' title="bbox 706 3995 2725 4162">
     <span class='ocr_line' id='line_1_31' title="bbox 772 3995 2724 4066; baseline 0.001 -23"><span class='ocrx_word' id='word_1_254' title='bbox 772 3996 817 4055; x_wconf 87' lang='grc'>3)</span> <span class='ocrx_word' id='word_1_255' title='bbox 859 3997 905 4042; x_wconf 78' lang='lat' dir='ltr'>[n</span> <span class='ocrx_word' id='word_1_256' title='bbox 942 3995 1104 4043; x_wconf 80' lang='lat' dir='ltr'>libello</span> <span class='ocrx_word' id='word_1_257' title='bbox 1145 4002 1260 4066; x_wconf 79' lang='grc' dir='ltr'>Περὶ</span> <span class='ocrx_word' id='word_1_258' title='bbox 1296 4003 1463 4048; x_wconf 79' lang='grc' dir='ltr'><em>συνθέσ.</em></span> <span class='ocrx_word' id='word_1_259' title='bbox 1503 4014 1548 4060; x_wconf 86' lang='lat' dir='ltr'>p.</span> <span class='ocrx_word' id='word_1_260' title='bbox 1587 3998 1697 4045; x_wconf 81' lang='lat'>209.</span> <span class='ocrx_word' id='word_1_261' title='bbox 1764 3997 1817 4050; x_wconf 79' lang='lat' dir='ltr'>‘o</span> <span class='ocrx_word' id='word_1_262' title='bbox 1856 4000 1903 4048; x_wconf 80' lang='grc' dir='ltr'>δὲ</span> <span class='ocrx_word' id='word_1_263' title='bbox 1939 4003 2138 4050; x_wconf 84' lang='grc' dir='ltr'><em>Πλάτων</em></span> <span class='ocrx_word' id='word_1_264' title='bbox 2170 4002 2271 4056; x_wconf 86' lang='grc' dir='ltr'>τούς</span> <span class='ocrx_word' id='word_1_265' title='bbox 2303 4001 2463 4048; x_wconf 77' lang='grc' dir='ltr'><em>ἑαυτοῦ</em></span> <span class='ocrx_word' id='word_1_266' title='bbox 2496 3998 2724 4060; x_wconf 72' lang='grc' dir='ltr'><em>διαλόγους</em></span> 
     </span>
     <span class='ocr_line' id='line_1_32' title="bbox 706 4091 2725 4162; baseline 0.001 -24"><span class='ocrx_word' id='word_1_267' title='bbox 706 4093 909 4152; x_wconf 73' lang='grc' dir='ltr'>κτενίζων</span> <span class='ocrx_word' id='word_1_268' title='bbox 939 4095 1012 4141; x_wconf 84' lang='grc' dir='ltr'>καὶ</span> <span class='ocrx_word' id='word_1_269' title='bbox 1045 4095 1360 4158; x_wconf 74' lang='grc' dir='ltr'><em>βοστρυχίζων</em></span> <span class='ocrx_word' id='word_1_270' title='bbox 1397 4096 1471 4141; x_wconf 83' lang='grc' dir='ltr'>καὶ</span> <span class='ocrx_word' id='word_1_271' title='bbox 1505 4099 1654 4143; x_wconf 79' lang='grc' dir='ltr'><em>πάντα</em></span> <span class='ocrx_word' id='word_1_272' title='bbox 1685 4099 1852 4162; x_wconf 76' lang='grc' dir='ltr'><em>τρόπον</em></span> <span class='ocrx_word' id='word_1_273' title='bbox 1882 4097 2138 4144; x_wconf 79' lang='grc' dir='ltr'><em>ἀναπλέκων</em></span> <span class='ocrx_word' id='word_1_274' title='bbox 2170 4097 2219 4143; x_wconf 78' lang='grc' dir='ltr'>οὐ</span> <span class='ocrx_word' id='word_1_275' title='bbox 2252 4094 2442 4142; x_wconf 71' lang='grc' dir='ltr'><em>διέλιπεν</em></span> <span class='ocrx_word' id='word_1_276' title='bbox 2458 4091 2725 4154; x_wconf 74' lang='grc' dir='ltr'><em>ὀγδοήκοντα</em></span> 
     </span>
    </p>
   </div>
   <div class='ocr_carea' id='block_1_7' title="bbox 704 4189 1135 4248">
    <p class='ocr_par' dir='ltr' id='par_1_10' title="bbox 704 4189 1135 4248">
     <span class='ocr_line' id='line_1_33' title="bbox 704 4189 1135 4248; baseline 0 -14"><span class='ocrx_word' id='word_1_277' title='bbox 704 4190 887 4248; x_wconf 72' lang='grc' dir='ltr'><em>γεγονὼς</em></span> <span class='ocrx_word' id='word_1_278' title='bbox 925 4190 1004 4242; x_wconf 77' lang='grc' dir='ltr'><em>ἔτη</em></span> <span class='ocrx_word' id='word_1_279' title='bbox 1038 4189 1135 4235; x_wconf 86' lang='grc' dir='ltr'><em>κτλ.</em></span> 
     </span>
    </p>
   </div>
  </div>
 </body>
</html>
