3025 5067
1287 363 1410 425 103

329 589 410 628 ea
454 567 802 633 conditione
847 577 918 632 ut
963 568 1344 653 tyrannidem
1389 570 1456 632 in
1498 568 1807 645 βασιλείαν
1856 576 2050 631 vertat
2089 571 2170 651 (p.
2224 571 2351 631 356

330 684 394 745 A
433 687 544 768 sq).
637 685 876 749 Deinde
927 686 1103 750 docet
1154 687 1593 771 rempublicam
1638 688 1725 751 sic
1772 686 2170 750 ordinandam
2220 709 2350 750 esse

329 802 431 865 uti
492 810 668 868 antea
728 804 958 869 dictum
1020 813 1176 869 esset
1196 832 1223 867 z·
1258 805 1722 869 assentientibus
1769 805 2012 889 regibus
2062 804 2351 871 creandos

329 942 466 984 esse
532 920 762 1005 legatos
779 971 798 999 ,
871 923 977 1006 qui
1043 923 1210 1003 κύριοι
1255 928 1364 987 τῶν
1415 924 1755 1001 διαλλαγῶν
1800 931 2045 1008 pactum
2091 922 2348 1001 faciant,

327 1046 469 1102 tum
513 1041 952 1125 rempublicam
999 1041 1279 1106 ordinent
1308 1043 1428 1119 ita,
1463 1049 1535 1106 ut
1565 1042 1835 1127 praesint
1865 1065 2033 1127 reges
2060 1052 2353 1125 tanquam

331 1182 645 1224 sacrorum
707 1161 1006 1224 antistites
1021 1210 1039 1239 ,
1104 1161 1198 1223 his
1260 1160 1563 1224 addantur
1616 1160 1860 1223 XXXV
1907 1160 2309 1241 νομοφύλακες
2328 1210 2346 1243 ,

332 1278 443 1360 qui
489 1300 628 1341 cum
673 1279 832 1359 δήμῳ
871 1287 930 1343 et
956 1280 1144 1358 βουλῇ
1177 1280 1252 1343 (16
1283 1280 1444 1344 bello
1477 1287 1538 1343 et
1568 1303 1715 1364 pace
1746 1279 2105 1357 decernant,
2141 1279 2351 1344 iidem-

330 1418 454 1479 que
515 1397 637 1461 sint
689 1398 927 1482 judices
979 1396 1225 1462 θανάτου
1269 1398 1368 1462 καὶ
1412 1407 1615 1480 φυγῆς
1634 1447 1649 1478 ,
1698 1397 1923 1461 additis
1970 1398 2205 1462 selectis
2251 1400 2346 1483 ju—

328 1514 572 1579 dicibus
631 1539 662 1579 e
707 1518 1174 1601 magistratuum
1219 1517 1510 1601 collegiis·
1605 1516 1772 1581 Haec
1818 1516 2070 1581 consilia
2122 1517 2349 1581 fatetur

328 1632 552 1696 effectu
597 1633 866 1698 difficilia
912 1634 1158 1719 quidem
1205 1658 1368 1713 esse,
1415 1657 1540 1699 non
1572 1642 1779 1699 tamen
1806 1635 2090 1700 άδύνατα.
2140 1634 2346 1715 Quare

327 1758 466 1815 orat
493 1775 570 1817 ne
601 1754 770 1837 prius
802 1754 1131 1831 desistant,
1179 1776 1362 1838 quam
1394 1776 1491 1831 ea,
1543 1776 1698 1837 quae
1728 1776 1894 1819 nunc
1925 1755 2049 1817 θεῖα
2080 1754 2346 1833 ὀνείρατα
2418 1744 2431 1759 ’

321 1869 610 1941 videntur
625 1921 643 1950 ,
692 1879 822 1937 rata
867 1880 928 1936 et
974 1872 1183 1937 effecta
1227 1870 1623 1937 reddiderint.

407 2107 747 2193 Epistolam
809 2108 964 2171 hanc
1024 2106 1308 2171 nonnulli
1373 2113 1609 2193 partem
1656 2130 1784 2171 esse
1830 2114 2201 2192 putaverunt
2247 2130 2343 2170 su-

311 2227 568 2311 perioris
634 2227 792 2292 male
853 2227 996 2291 inde
1055 2227 1396 2304 divulsam,
1455 2234 1593 2291 tum
1654 2225 1731 2290 ob
1793 2226 1989 2312 prima
2050 2225 2341 2311 epistolae

312 2344 531 2409 verba:
593 2344 678 2410 “A
723 2346 771 2409 δ’
811 2345 884 2411 ἂν
931 2346 1306 2421 διανοηθέντες
1353 2347 1631 2423 μάλιστα
1682 2340 1747 2409 εὖ
1789 2344 2099 2425 πράττοιτε
2116 2393 2134 2426 ,
2186 2365 2340 2427 quae

311 2486 441 2527 non
501 2463 864 2528 videbantur
917 2466 1154 2549 justum
1211 2448 1480 2529 initium·
1524 2465 1753 2541 facere,
1817 2471 1952 2528 tum
2014 2461 2179 2547 quod
2226 2463 2339 2526 hac

307 2581 570 2666 epistola
632 2583 1046 2647 contineretur
1089 2587 1122 2661 ἡ
1167 2582 1474 2663 ξυμβουλὴ
1528 2583 1594 2647 in
1640 2583 1839 2667 priore
1886 2582 2144 2666 epistola
2192 2604 2327 2666 pro-

305 2700 514 2764 missa.
586 2703 669 2764 At
715 2702 962 2766 initium
1006 2709 1165 2767 recte
1211 2725 1275 2766 se-
1321 2702 1507 2765 habet
1530 2751 1548 2779 ,
1597 2702 1647 2765 si
1679 2700 2213 2765 animadvertimus
2250 2722 2337 2763 sa-

306 2820 674 2884 lutationem
719 2827 952 2905 partem
997 2843 1125 2885 esse
1170 2821 1364 2906 ipsius
1414 2820 1737 2905 epistolae,
1789 2841 1975 2903 quare
2007 2824 2336 2904 praeeunte

307 2937 664 3001 Hermanno
711 2940 1184 3025 interpungatur
1229 2939 1346 3002 hoc
1392 2938 1609 3002 modo:
1660 2937 1915 3003 Πλάτων
1962 2944 2079 3008 τοῖς
2126 2938 2335 3009 Δίωνος

305 3056 523 3129 οἰκείοις
583 3082 651 3121 τε
712 3058 810 3121 καὶ
873 3059 1108 3139 ἑταίροις
1169 3055 1234 3123 εὖ
1295 3056 1571 3139 πράττειν
1595 3106 1613 3139 ,
1676 3054 1719 3120 ἃ
1763 3056 1811 3119 δ’
1836 3054 1908 3120 ἂν
1954 3055 2331 3129 διανοηθέντες

305 3174 584 3251 μάλιστα
635 3171 700 3241 εὖ
743 3176 1055 3258 πράττοιτε
1099 3176 1271 3248 ὄντως
1316 3176 1662 3254 πειράσομαι
1714 3173 2029 3253 διεξελθεῖν.
2124 3172 2332 3237 Simile

307 3300 404 3357 est
460 3293 707 3357 initium
767 3293 1078 3379 Epistolae
1139 3290 1340 3372 XJII,
1403 3293 1571 3378 quod
1631 3294 1778 3357 item
1837 3292 1995 3356 male
2042 3291 2196 3355 solet
2239 3292 2329 3355 in-

305 3412 631 3497 terpungi,
695 3412 782 3475 sic
831 3412 1192 3497 legendum:
1271 3411 1582 3478 Πλάτων
1628 3410 1962 3489 Διονυσίῳ
2024 3409 2330 3490 τυράννῳ

308 3535 794 3608 Συρακουσιῶν
847 3527 921 3594 εὖ
951 3529 1302 3615 Ιπράττειν
1346 3531 1523 3610 άρχή.
1557 3553 1640 3594 σοι
1686 3536 1790 3604 τῆς
1835 3531 2145 3602 ἐπιστολῆς
2181 3528 2327 3593 ἔστω

303 3649 406 3712 καὶ
453 3646 591 3724 ἅμα
635 3647 931 3726 ξύμβολον
975 3648 1058 3713 ὅτι
1104 3652 1240 3729 παρ’
1264 3650 1404 3725 ἐμοῦ
1439 3648 1599 3713 ε’στίε
1649 3647 1708 3710 11.
1744 3670 1795 3711 6.
1829 3646 2183 3725 „salutandi
2214 3648 2330 3711 for-

302 3766 509 3831 mula:
595 3766 848 3831 Πλάτων
925 3767 1196 3847 Διονυσίῳ
1270 3764 1334 3831 εὖ
1409 3766 1683 3847 πράττειν
1752 3766 1897 3849 (qua
1966 3773 2324 3849 personatus

300 3884 485 3948 Plato
529 3885 626 3948 uti
671 3885 825 3950 solet
871 3908 980 3971 pro
1025 3885 1263 3970 vulgari
1305 3885 1531 3967 χαίρειν
1548 3936 1565 3959 ,
1614 3884 1689 3947 cf.
1744 3906 1929 3967 supra
1972 3906 2031 3967 p.
2094 3885 2173 3946 89
2210 3886 2326 3968 sq.)

300 4004 421 4068 tibi
483 4003 852 4069 documento
913 4006 1027 4083 sit,
1093 4005 1247 4069 hanc
1310 4002 1628 4089 epistolam
1688 4025 1723 4065 a
1779 4001 2033 4067 Platone
2078 4003 2323 4067 missam

303 4122 501 4187 esse.”
593 4123 703 4187 Uti
772 4130 974 4187 autem
1040 4124 1188 4188 haec
1257 4120 1511 4210 epistola
1579 4118 1786 4205 (VIII)
1848 4121 2085 4206 justum
2139 4122 2323 4187 habet
