3025 5067
1564 422 1688 481 252

1541 628 1713 692 XIV.

711 864 869 929 Vere
915 866 1091 931 Plato
1137 868 1536 953 praecipuum
1581 868 1931 953 philosophi
1977 892 2202 935 munus
2248 870 2312 933 in
2369 870 2483 932 hoc
2532 892 2634 954 po-

620 985 807 1049 situm
870 984 1019 1049 dicit
1063 985 1341 1069 (Phaedr.
1392 1011 1452 1073 p.
1502 988 1629 1050 265
1665 986 1736 1067 ‘D
1783 986 1893 1072 E):
1942 989 2019 1060 εἰς
2069 990 2213 1067 μίαν
2251 992 2307 1053 τ’
2329 988 2482 1053 ἰδέαν
2504 987 2634 1065 ξυν-

620 1108 805 1185 ορῶντ’
847 1101 1016 1200 ἄγειν
1046 1104 1127 1169 τὰ
1158 1114 1447 1186 πολλαχῆ
1478 1106 1907 1189 διεσπαρμένα,
1943 1112 2004 1170 et
2035 1106 2302 1171 vicissim
2332 1110 2466 1172 κατ’
2503 1106 2630 1181 εἴδη

620 1225 892 1291 δύνασθαι
938 1224 1255 1303 διατέμνειν
1271 1275 1289 1309 ,
1338 1228 1473 1291 κατ’
1520 1223 1696 1307 ἄρθρα
1710 1274 1730 1305 ,
1779 1224 1816 1308 ᾖ
1859 1225 2138 1311 πέφυκεν.

1561 1461 1700 1526 XV.

1004 1592 1035 1617 N

720 1697 895 1777 Quae
966 1698 1032 1761 in
1108 1698 1455 1763 Aristotelis
1534 1698 1970 1784 Metaphysicis
2031 1700 2096 1778 I,
2165 1702 2202 1762 6
2220 1749 2239 1779 ,
2304 1700 2642 1763 afferuntur

633 1815 907 1909 Platonis
953 1816 1210 1901 placita,
1275 1840 1345 1881 ea
1404 1841 1526 1883 non
1592 1841 1664 1882 ex
1733 1817 2030 1901 ἀγράφοις
2089 1820 2384 1899 δόγμασι,
2443 1818 2548 1883 sed
2609 1840 2643 1881 e

634 1934 908 1999 Platonis
954 1934 1212 2020 dialogis
1260 1935 1472 2000 effecta
1517 1960 1646 2001 esse
1691 1936 2014 2001 contendo.

1558 2172 1732 2238 XVI.

723 2408 1068 2473 Imitatores
1130 2410 1305 2474 nullo
1366 2411 1590 2474 certius
1651 2410 1877 2475 indicio
1950 2410 2396 2495 dignoscuntur
2454 2432 2489 2473 a
2548 2431 2648 2493 ge-

635 2529 826 2593 nuino
872 2530 1163 2614 scriptore
1209 2552 1394 2613 quam
1440 2528 1606 2613 quod
1651 2537 1907 2614 peccant
1949 2530 2157 2594 nimio,

1538 2767 1746 2831 XVII.

723 3002 801 3067 In
859 3003 1206 3068 Aristotelis
1270 3003 1615 3089 Metaphys.
1672 3003 1707 3067 I
1721 3054 1740 3081 ,
1809 3006 1882 3067 6:
1947 3002 2013 3077 ἐξ
2057 3004 2275 3068 ἐκείνων
2321 3002 2440 3082 γαρ
2487 3001 2645 3065 κατὰ

637 3120 861 3199 μέθεξιν
927 3128 1029 3189 τοῦ
1099 3123 1216 3195 ἑνὸς
1277 3123 1358 3187 τα
1414 3122 1540 3199 εἴδη
1587 3119 1731 3188 εἶναι
1773 3122 1903 3196 τοὺς
1952 3122 2252 3204 ἀριθμούς,
2294 3120 2476 3186 verba
2517 3122 2648 3190 τοὺς

636 3242 904 3322 ἀριθμοὺς
952 3241 1026 3306 ab
1072 3242 1504 3327 interpolatore
1551 3240 1759 3305 addita
1803 3264 1934 3305 esse
1980 3263 2212 3306 cense0.

1523 3476 1767 3542 XVIII.

734 3713 811 3777 In
851 3712 1125 3777 Platonis
1163 3711 1439 3776 Phaedro
1456 3762 1475 3789 ,
1517 3735 1577 3796 p.
1612 3714 1686 3777 17
1699 3712 1732 3777 7
1768 3710 1862 3775 D:
1889 3713 1961 3782 ὡς
1985 3710 2101 3775 εἴτε
2124 3709 2352 3781 Λύσιας
2377 3709 2410 3784 ἥ
2435 3733 2522 3780 τις
2545 3706 2652 3771 ἄλ-

644 3846 744 3902 λος
790 3832 1010 3895 πώποτ’
1054 3828 1313 3911 ἔγραψεν
1346 3831 1378 3905 ἢ
1418 3830 1639 3909 γράψει
1677 3829 1790 3911 ἰδίᾳ
1829 3828 1861 3904 ἢ
1907 3828 2186 3910 δημοσίᾳ,
2222 3826 2422 3902 νόμους
2444 3825 2649 3907 τιθεὶς,

645 3951 1027 4031 ξύγγραμμα
1087 3949 1374 4015 πολιτικὸν
1434 3951 1680 4030 γράφων
1697 3998 1714 4029 ,
1773 3947 1871 4011 καὶ
1920 3946 2193 4024 μεγάλην
2238 3947 2344 4011 τιν’
2391 3946 2447 4009 ἕν
2494 3946 2652 4025 αὐτῷ

646 4071 1018 4150 βεβαιότητα
1097 4069 1409 4148 ἡγούμενος
1493 4069 1651 4143 ‚ez-50,
1724 4068 1905 4133 verba
1972 4066 2171 4144 νόμους
2240 4063 2442 4140 τιθεὶς,
2511 4062 2656 4141 ξύγ-

648 4214 910 4273 γραμμα
954 4189 1241 4255 πολιτικὸν
1286 4187 1531 4269 γράφων
1575 4186 1852 4252 redolent
1895 4184 2410 4271 interpolatorem.
