3025 5067
1616 414 1741 475 242

673 627 843 703 gesta
894 620 1187 685 refutaret
1232 642 1495 705 eumque
1534 621 1721 686 talem
1769 621 1957 686 fuisse
2005 620 2384 700 ostenderet,
2426 604 2533 706 q'ui
2565 644 2691 686 non

671 745 913 803 tantum
974 740 1173 804 verbis
1186 790 1204 818 ,
1278 740 1382 805 sed
1448 741 1630 805 etiam
1691 742 1866 805 factis
1912 741 2363 827 philosophiam
2409 741 2488 805 ad
2533 742 2690 806 salu-

670 864 793 921 tem
841 858 1159 923 hominum
1206 867 1267 923 et
1313 860 1630 925 civitatum
1683 860 1954 923 conferre
2001 859 2288 925 studeret.
2461 855 2468 861 ’

761 975 1054 1055 Quamvis
1111 984 1316 1043 autem
1362 1001 1435 1043 ex
1480 979 1577 1041 his
1625 978 1769 1041 satis
1816 986 2137 1063 appareat,
2186 978 2496 1063 Epistulas
2543 978 2687 1056 has,

670 1096 967 1179 imprimis
1029 1104 1153 1159 tres
1213 1096 1351 1160 illas
1414 1120 1566 1181 quas
1629 1097 1790 1175 dixi,
1857 1119 1982 1162 non
2038 1119 2166 1161 esse
2213 1098 2522 1163 habendas
2565 1120 2693 1161 mo-

673 1220 1038 1279 numentum
1100 1237 1223 1299 quo
1285 1215 1561 1279 Platonis
1608 1216 1766 1293 vita,
1815 1238 2012 1279 mores
2031 1265 2049 1293 ,
2097 1214 2382 1280 voluntas
2431 1223 2491 1280 et
2535 1216 2692 1279 ratio

673 1332 831 1397 clare
892 1354 1171 1417 expressa
1230 1334 1389 1411 sint,
1452 1355 1578 1398 non
1640 1341 1844 1399 tamen
1904 1333 2137 1397 nullius
2197 1334 2494 1397 momenti
2547 1340 2695 1397 sunt

672 1450 997 1535 putandae.
1090 1449 1251 1515 Nam
1318 1458 1740 1536 praeterquam
1794 1452 1961 1535 quod
2007 1451 2330 1537 praeclaris
2378 1452 2695 1515 sententiis

672 1577 967 1655 tanquam
1012 1571 1266 1655 gemmis
1311 1572 1512 1635 nitent
1570 1580 1632 1635 et
1670 1570 1932 1656 plurima
1986 1571 2302 1635 continent
2330 1571 2694 1635 imitationis

676 1691 929 1775 vestigia
974 1714 1005 1754 e
1052 1690 1303 1754 diversis
1350 1688 1626 1754 Platonis
1675 1689 1934 1775 dialogis
1981 1711 2292 1775 expressa,
2345 1698 2492 1753 sunt
2531 1697 2694 1753 certe

673 1810 739 1873 in
778 1810 1203 1874 vetustissimis
1243 1808 1619 1873 numeranda
1655 1809 2066 1873 monumentis
2107 1831 2263 1893 quae
2301 1808 2377 1873 de
2416 1807 2694 1872 Platonis

675 1928 803 1992 vita
846 1935 907 1991 et
951 1925 1132 1993 rebus
1180 1926 1255 1991 ad
1286 1950 1398 1991 nos
1430 1935 1840 2012 pervenerunt
1856 1953 1875 2004 3
1925 1926 2283 1990 conducunt
2315 1926 2392 1989 ad
2422 1925 2698 2010 dispersa

552 2084 554 2093 ·
675 2046 1133 2133 deperditorum
1178 2047 1542 2132 scriptorum
1588 2046 1815 2111 indicia
1858 2045 2256 2123 illustranda,
2307 2054 2592 2131 suspecta
2630 2056 2693 2108 et

676 2166 829 2230 falsa
889 2188 925 2229 a
971 2167 1139 2258 ⁸veris
1200 2165 1568 2231 secernenda
1584 2192 1602 2243 3
1652 2165 1924 2249 denique
1971 2164 2342 2241 ostendunt,
2392 2164 2698 2247 quomodo

671 2286 799 2369 jam
844 2286 1118 2369 proximo
1164 2291 1304 2369 post
1347 2282 1624 2349 Platonis
1669 2290 1926 2349 mortem
1977 2282 2184 2347 seculo
2223 2281 2392 2346 illius
2424 2281 2702 2346 doctrina

677 2412 739 2468 et
798 2402 1273 2489 philosophandi
1331 2403 1487 2467 ratio
1561 2403 1920 2467 commentis
1982 2402 2319 2465 deformata
2375 2409 2438 2465 et
2481 2408 2702 2484 myste-

679 2522 908 2585 riorum
954 2522 1119 2585 nube
1164 2520 1443 2585 involuta
1490 2521 1592 2585 sit.
