3025 5067
1293 417 1372 475 25

413 626 646 688 Harum
719 622 1132 707 Epistolarum
1195 620 1467 705 quinque
1540 616 1843 703 prioribus
1862 666 1879 692 ,
1944 612 2124 676 I——V
2141 663 2159 691 ,
2222 612 2336 673 hoc

321 766 649 808 commune
710 741 1035 807 consilium
1075 732 1338 816 subest,
1397 737 1563 822 quod
1611 736 1855 820 quidem
1900 732 2031 797 III·
2076 738 2138 795 et
2182 728 2337 793 VII·

321 862 643 927 manifeste
699 884 841 946 prae
903 883 966 923 se
1011 860 1242 935 ferunt,
1290 864 1362 921 ut
1403 856 1721 920 Platonem
1769 877 1805 918 a
1848 852 2097 917 diversis
2144 871 2339 933 repre-

270 1000 289 1012 *
321 980 724 1046 hensionibus
771 978 1119 1044 defendant.
1196 976 1515 1041 Praeterea
1561 973 1727 1039 aliud
1772 980 1864 1037 est
1897 973 1963 1036 in
1996 993 2116 1057 quo
2146 968 2338 1033 trede-

319 1100 447 1165 cim
493 1100 779 1185 epistolae
827 1105 1079 1162 cunctae
1124 1096 1492 1161 conveniunt
1505 1145 1524 1173 ,
1560 1092 1725 1178 quod
1762 1114 1981 1177 nempe
2017 1090 2339 1153 Platonem

322 1218 506 1283 nobis
553 1225 906 1304 proponunt
933 1238 1058 1281 non
1090 1215 1292 1279 solum
1321 1221 1394 1278 ut
1424 1211 1891 1299 philosophum,
1925 1209 2035 1274 sed
2060 1215 2135 1273 ut
2162 1206 2339 1288 ἄνδρα

320 1337 618 1403 πολιτικόν
632 1387 651 1416 ,
701 1337 807 1420 qui
853 1358 992 1399 cum
1038 1334 1418 1420 principibus
1463 1354 1611 1395 suae
1657 1331 1869 1394 aetatis
1914 1330 2058 1392 viris
2098 1336 2159 1391 et
2189 1326 2341 1411 regi-

326 1458 448 1522 bus
520 1455 802 1521 familiari
865 1452 1309 1518 consuetudine
1372 1452 1625 1537 junctus
1686 1456 1845 1513 esset
1906 1447 1980 1511 ab
2026 1447 2223 1530 iisque
2274 1445 2339 1508 in

321 1575 510 1640 rebus
556 1574 863 1637 civitatem
903 1570 1298 1656 tangentibus
1327 1578 1624 1654 tanquam
1642 1567 1832 1654 judex
1858 1572 1921 1630 et
1946 1565 2167 1629 arbiter
2189 1563 2343 1627 cole-

321 1701 518 1758 retur.
573 1692 792 1776 Itaque
837 1691 954 1755 hoc
1001 1691 1183 1754 etiam
1231 1711 1302 1753 eo
1348 1686 1521 1752 ducit
1566 1695 1638 1751 ut
1670 1686 1984 1751 credamus
2000 1734 2019 1763 ,
2056 1682 2341 1768 epistolas

327 1813 443 1876 has
459 1861 477 1889 ,
528 1832 895 1894 quamquam
947 1808 1350 1894 praestantiae
1395 1806 1590 1892 gradu
1637 1805 1907 1890 dispares
1918 1854 1937 1883 ,
1987 1826 2061 1868 ex
2102 1824 2228 1867 una
2258 1809 2345 1865 ta·

326 1952 473 1993 men
519 1929 693 2013 quasi
739 1928 978 1993 officina
1023 1950 1152 1992 esse
1199 1928 1518 2012 profectas.
1559 1929 1604 2011 ¹)

416 2046 536 2113 Sed
581 2054 654 2111 ut
699 2046 1003 2112 scribendi
1047 2046 1300 2111 consilio
1347 2055 1408 2109 et
1453 2052 1811 2129 argumento
1858 2042 2150 2127 epistolae
2186 2042 2346 2105 inter

327 2190 396 2231 se
435 2168 686 2252 junctae
733 2173 878 2230 sunt
895 2216 912 2243 ‚
960 2167 1050 2230 ita
1093 2166 1275 2229 etiam
1321 2163 1646 2229 intercedit
1691 2164 1766 2227 iis
1811 2162 2075 2248 ingenii,
2117 2162 2345 2245 figurae

319 2288 678 2370 formaeque
724 2284 1144 2349 convenientia
1189 2292 1250 2349 et
1295 2284 1468 2369 quasi
1516 2283 1798 2369 cognatio
1846 2281 2162 2368 quaedam.

417 2402 483 2467 Si
525 2404 843 2489 ingenium
888 2402 1206 2467 scribentis
1253 2401 1533 2468 attendas
1551 2453 1569 2481 ,
1620 2402 1850 2488 ubique
1894 2402 1960 2466 in
1990 2382 2065 2464 iis
2098 2407 2350 2486 apparet

325 2524 396 2587 τὸ
441 2521 772 2605 φιλόδοξον
822 2522 1182 2608 sapientiam
1226 2544 1351 2586 non
1391 2529 1641 2607 propter
1684 2546 1748 2585 se
1789 2522 1988 2585 solum
2020 2520 2127 2585 sed
2159 2542 2349 2604 aeque

323 2650 575 2727 propter
659 2641 980 2705 hominum
1041 2641 1390 2726 opinionem
1467 2649 1529 2705 et
1604 2641 1861 2725 gloriam
1944 2662 2129 2724 quam
2190 2638 2349 2723 parit

321 2759 729 2845 expetendam
775 2782 922 2823 esse.
1023 2759 1200 2824 Clare
1246 2760 1364 2823 hoc
1407 2759 1719 2844 eloquitur
1764 2759 2043 2844 Epistola
2088 2758 2192 2836 H,
2241 2757 2349 2821 ubi

322 2878 410 2943 ad
466 2878 831 2964 Dionysium
877 2879 1025 2943 haec
1071 2877 1312 2957 scribit,
1361 2901 1421 2963 p.
1470 2881 1598 2942 311
1648 2877 1731 2941 O:
1788 2877 2021 2955 ἀνάγκη
2068 2878 2187 2957 γὰρ
2209 2928 2227 2953 ,
2274 2878 2347 2949 ὡς

322 2996 494 3071 ἔοικε,
563 2998 760 3073 μέλειν
837 2999 973 3071 ἡμῖν
1040 2996 1139 3059 καὶ
1213 3001 1314 3060 τοῦ
1387 2994 1596 3060 ἔπειτα
1670 2996 1870 3076 χρόνου
1885 3046 1900 3072 ,
1986 2995 2179 3070 ἐπειδὴ
2246 2993 2347 3058 καὶ

322 3114 692 3195 τυγχάνουσι
737 3115 900 3179 κατά
941 3140 1074 3179 τινα
1109 3113 1287 3198 φύσιν
1321 3116 1369 3179 οἱ
1406 3114 1513 3191 μὲν
1559 3113 2157 3194 ἀνδραποδωδέστατοι
2198 3112 2351 3180 οὐδὲν

323 3230 720 3315 φροντίζοντες
782 3235 959 3298 αὐτοῦ
977 3282 994 3315 ,
1063 3233 1112 3297 οἱ
1159 3232 1207 3295 δ’
1227 3233 1643 3299 ἐπιεικέστατοι
1688 3235 1809 3296 πᾶν
1855 3238 2141 3303 ποιοῦντες
2194 3228 2345 3303 ὅπως

326 3350 406 3415 ἂν
443 3350 523 3421 εἰς
567 3350 662 3413 τὸν
706 3350 915 3415 ἔπειτα
958 3346 1157 3431 χρόνον
1201 3348 1264 3415 εὖ
1295 3351 1629 3415 ἀκούσωσιν.
1680 3349 1774 3414 Of.
1808 3374 1867 3435 p.
1904 3352 2031 3413 312
2066 3349 2137 3414 C.
2188 3349 2347 3413 Cum

323 3571 330 3577 .
402 3536 450 3597 1)
485 3535 663 3584 Similis
709 3536 806 3584 fere
850 3539 924 3583 est
971 3535 1164 3583 Secheri
1207 3534 1370 3599 opinio
1417 3534 1697 3584 scribentis:
1749 3534 1859 3593 „Sie
1905 3534 1992 3597 (nl.
2046 3534 2122 3583 die
2167 3533 2350 3606 Briefe)

331 3632 535 3693 „stehen
569 3630 620 3679 in
654 3630 845 3680 keinem
867 3630 1258 3680 ausdrucklichen
1284 3630 1470 3695 Bezuge
1492 3631 1580 3679 auf
1598 3630 1851 3689 einander3
1886 3630 1953 3679 sie
1973 3628 2350 3693 widersprechen

330 3728 470 3789 „sich
502 3728 638 3791 sogal·
672 3726 897 3775 einander
931 3726 1103 3785 oster-⁸3
1137 3725 1248 3774 aber
1283 3726 1360 3774 ein
1384 3724 1881 3790 gemeinschaftlicher
1901 3725 2038 3774 Band
2061 3723 2352 3789 umschlingt

332 3823 435 3883 „sie
452 3860 467 3881 ,
515 3822 591 3871 die
633 3820 1033 3885 Rechtfertigung
1075 3818 1427 3884 politisirender
1459 3820 1799 3885 Philosophia,
1833 3819 1931 3870 und
1964 3836 2071 3870 zum
2102 3820 2242 3869 'rheil
2276 3820 2351 3869 die

333 3918 688 3982 „Behauptung
736 3917 867 3965 einer
907 3914 1156 3981 gebeimen
1200 3915 1445 3965 Weisheit.
1515 3914 1663 3964 Einer
1708 3915 1899 3967 mochte
1932 3916 2022 3965 den
2057 3917 2247 3981 Anfang
2278 3932 2353 3981 ge-

334 4014 531 4076 „mncht
579 4014 730 4062 haben
779 4017 923 4062 etwas
975 4012 1093 4061 iiber
1137 4011 1212 4061 die
1262 4011 1557 4061 Sikelischen
1596 4012 1803 4061 Vorfiille
1836 4013 1888 4063 in
1923 4014 2067 4063 Form
2100 4014 2229 4061 eines
2262 4012 2353 4062 mit

335 4109 568 4169 „Platone
617 4108 801 4157 Namen
851 4106 1184 4156 bezeichneten
1237 4106 1424 4156 Briefes
1475 4107 1686 4157 bekannt
1737 4124 1796 4156 zu
1846 4108 2072 4167 machen3
2130 4108 2349 4157 Anderen

335 4205 548 4271 „folgten
585 4204 686 4253 ihm
721 4205 846 4255 dann
878 4202 946 4253 im
979 4203 1211 4269 gleiehem
1247 4203 1405 4253 Geiste
1439 4203 1613 4253 uach?
