3025 5067
1592 397 1711 456 132

645 603 784 684 Quo
830 605 1056 668 factum
1109 610 1179 667 ut
1226 602 1538 668 amborum
1591 602 1865 666 simultas
1925 608 2225 688 postremo
2276 601 2339 664 in
2403 600 2630 664 bellum

641 724 902 807 eruperit
918 773 935 800 ‚
985 745 1105 807 quo
1151 721 1270 784 Dio
1318 721 1559 805 tyranni
1606 743 1748 804 opes
1796 720 2027 784 evertit.

727 839 881 903 Cum
926 839 1208 924 primario
1246 839 1362 904 hoc
1401 838 1655 902 consilio
1702 838 1956 901 alterum
1982 839 2265 922 junctum
2296 845 2416 914 est,
2434 888 2445 895 .
2466 837 2629 920 quod

637 967 697 1022 et
755 959 820 1022 in
873 958 1071 1022 media
1130 957 1383 1042 epistola
1443 958 1525 1042 (p.
1584 959 1707 1020 330
1758 955 1830 1040 C)
1890 965 1951 1020 et
2008 957 2071 1019 in
2119 962 2383 1020 extrema
2428 961 2630 1040 aperte

639 1079 894 1163 scriptor
931 1077 1192 1154 indicat,
1238 1075 1394 1140 illud
1436 1099 1685 1161 nempe,
1730 1082 1799 1139 ut
1828 1075 2149 1159 redarguat
2177 1075 2504 1138 invidiosos
2535 1097 2629 1137 ru-

640 1218 834 1260 mores
868 1195 1070 1280 quide
1093 1194 1346 1258 Platone
1378 1201 1576 1258 essent
1607 1193 1833 1278 sparsi,
1868 1194 2039 1276 quasi
2060 1193 2191 1270 ille,
2228 1215 2413 1276 quum
2450 1192 2631 1256 semel

643 1336 677 1376 a
725 1313 1010 1397 Dionysio
1055 1313 1276 1377 maiore
1334 1312 1645 1397 Syracusis
1692 1312 1905 1396 pulsus
1952 1320 2139 1389 esset,
2204 1311 2631 1387 nihilominuS,

643 1437 854 1516 captus
902 1431 1131 1494 aulicae
1176 1431 1334 1494 vitae
1379 1430 1612 1495 deliciis
1630 1481 1647 1508 ,
1696 1431 1823 1494 sine
1863 1431 2030 1515 justa
2074 1453 2256 1494 causa
2309 1431 2521 1493 iterum
2574 1435 2636 1492 et

647 1549 826 1612 tertio
888 1549 1035 1612 illuc
1081 1557 1238 1612 esset
1281 1550 1587 1634 profectus
1634 1571 1825 1632 eoque
1866 1571 2035 1612 suam
2098 1571 2166 1612 ac
2217 1547 2634 1634 philosophiae

649 1668 1006 1752 dignitatem
1062 1675 1284 1731 temere
1339 1668 1512 1731 novis
1574 1667 1953 1732 contumeliis
2014 1666 2346 1752 objecisset.
2438 1668 2635 1748 Argu-

644 1791 916 1848 mentum
960 1785 1075 1848 hoc
1135 1786 1329 1869 specie
1391 1785 1817 1858 secundarium
1836 1835 1854 1863 ,
1923 1807 2125 1848 revera
2168 1793 2369 1849 tamen
2414 1783 2638 1868 praeci-

575 1933 580 1943 ·
644 1924 834 1988 puum
881 1910 972 1964 est
1017 1901 1114 1986 (de
1161 1924 1282 1985 quo
1328 1902 1484 1966 infra
1532 1902 1895 1986 accuratius)
1946 1924 2137 1985 eoque
2167 1901 2346 1986 longe
2376 1901 2637 1964 maxima

644 2023 932 2108 epistolae
992 2046 1127 2108 pars
1189 2023 1480 2107 expletur.
1562 2021 1770 2102 Quum
1826 2023 1940 2086 hoc
1986 2023 2066 2085 sit
2110 2022 2451 2106 scriptionis
2498 2043 2634 2106 pro-

646 2142 944 2226 positum,
1006 2163 1128 2205 non
1187 2140 1531 2206 mirandum
1593 2140 1886 2224 quaedam
1948 2148 2055 2204 aut
2111 2141 2331 2204 omissa
2376 2163 2410 2202 a
2454 2140 2635 2223 scrip-

650 2267 781 2322 tore
827 2267 936 2323 aut
978 2260 1189 2324 leviter
1241 2267 1403 2323 tacta
1446 2283 1575 2324 esse
1620 2283 1775 2344 quae
1837 2283 1906 2323 eo
1952 2281 2166 2345 parum
2212 2259 2632 2324 conducerent.

645 2377 686 2440 J
688 2401 784 2441 am
829 2379 905 2441 de
950 2378 1045 2440 his
1093 2378 1410 2442 itineribus
1457 2378 1807 2462 singulatim
1854 2401 2121 2462 agamus,

732 2615 936 2693 Plato,
991 2616 1324 2679 secundum
1357 2616 1702 2700 epistolam,
1749 2637 1939 2699 quum
1984 2624 2293 2700 pertaesus
2326 2621 2479 2678 esset
2508 2637 2634 2678 cor-

641 2740 883 2818 ruptam
943 2734 1154 2797 aetatis
1208 2757 1351 2797 suae
1397 2734 1777 2818 disciplinam
1824 2741 1884 2797 et
1928 2733 2281 2818 depravatos
2326 2755 2519 2796 mores
2566 2755 2633 2794 ac

641 2875 994 2938 persuasum
1039 2853 1153 2916 sibi
1198 2852 1444 2916 haberet
1499 2855 1694 2917 sanari
1732 2840 2027 2917 'civitates
2087 2875 2211 2916 non
2263 2875 2468 2937 posse,
2517 2851 2633 2914 nisi

638 2970 822 3036 iidem
850 2971 1048 3034 forent
1075 2970 1436 3055 imperantes
1482 2978 1544 3034 et
1586 2971 1967 3056 philosophi,
2015 2971 2127 3034 hac
2164 2976 2398 3048 mente,
2418 2951 2427 2960 ’
2447 2969 2595 3033 dicit
2610 3018 2629 3046 ,

640 3089 882 3174 (ταύτην
931 3089 1036 3164 τὴν
1079 3088 1323 3154 διανοίαιν
1365 3087 1541 3174 ἔχων)
1586 3089 1845 3152 Athenis
1890 3089 1955 3152 in
1992 3087 2232 3152 Italiam
2274 3095 2333 3151 et
2366 3088 2630 3151 Siciliam

642 3231 775 3272 sum
820 3207 1142 3292 profectus,
1236 3205 1505 3288 Quaeras
1522 3257 1541 3285 ,
1589 3229 1698 3271 cur
1742 3207 1805 3270 in
1846 3206 2131 3272 Italiam?
2178 3228 2298 3290 quo
2352 3205 2630 3282 consilio,

643 3349 764 3410 qua
810 3325 958 3410 spe?
1045 3325 1216 3390 Num
1261 3327 1404 3410 quia
1447 3326 1665 3390 melius
1710 3333 1971 3390 moratas
2019 3326 2288 3390 civitates
2334 3325 2419 3390 ibi
2458 3349 2520 3387 se
2550 3325 2635 3387 vi-

642 3467 851 3508 surum
897 3443 1178 3528 putaret?
1241 3445 1525 3508 Attamen
1568 3452 1743 3509 vetus
1780 3444 2193 3530 Sybaritarum
2225 3452 2285 3508 et
2324 3443 2634 3508 Crotonia-

640 3568 840 3625 tarum
883 3562 1154 3625 luxuries
1199 3563 1357 3626 fama
1402 3569 1530 3626 erat
1572 3569 1735 3626 nota.
1828 3561 1891 3624 Si
1935 3569 2139 3626 tamen
2169 3562 2284 3626 hae
2315 3562 2595 3646 opinione
2613 3610 2631 3638 ‚

642 3687 713 3743 ut
773 3703 844 3743 ex
905 3680 1196 3765 epistolae
1255 3679 1452 3744 verbis
1515 3679 1762 3764 colligas
1779 3729 1798 3757 ,
1862 3703 1931 3743 eo
1976 3680 2292 3764 migravit,
2356 3681 2476 3744 cito
2528 3702 2635 3763 spe

643 3796 912 3882 dejectus
958 3803 1067 3861 est.
1157 3797 1402 3861 Invenit
1445 3797 1531 3862 ibi
1579 3797 1813 3876 omnia,
1878 3805 1949 3861 ut
2007 3797 2187 3875 dicit,
2237 3805 2515 3882 corrupta
2574 3807 2637 3860 et·

642 3913 878 4000 perdita
939 3916 1120 3994 luxu,
1175 3916 1447 4000 ignavia,
1495 3915 1849 3980 libidinibus
1868 3965 1885 3993 ,
1956 3939 2109 4000 quae
2176 3916 2281 3981 ubi
2342 3922 2633 4000 regnant,

643 4033 855 4098 δικαίου
900 4036 996 4099 καὶ
1040 4034 1295 4112 ἰσονόμου
1339 4035 1634 4106 πολιτείας
1688 4057 1764 4098 ne
1812 4034 2023 4098 umbra
2068 4035 2311 4118 quidem
2360 4059 2486 4098 esse
2532 4057 2637 4118 po-

646 4158 766 4214 test
811 4153 892 4235 (p.
941 4153 1067 4215 326
1115 4152 1356 4236 B—D).
1451 4151 1674 4215 Mirum
1702 4173 1862 4228 ,vero
1909 4152 2072 4235 quod
2126 4153 2349 4218 oblitus
2395 4153 2639 4216 videtur
