3025 5067
1310 444 1434 509 237

364 651 626 731 invidia,
674 673 796 737 qua
836 652 997 715 inter
1042 673 1106 715 se
1152 650 1595 715 obtrectassent
1609 700 1627 728 ‚
1678 650 1844 737 apud
1888 649 2274 716 Athenaeum
2321 658 2381 714 et

368 770 517 836 alios
547 770 807 855 legimus
837 768 1003 854 (Vid.
1036 768 1270 848 Lumo,
1304 767 1503 834 Lectt.
1538 769 1671 834 Att.
1708 772 2002 848 61-653
2041 752 2376 835 Hermann.

367 888 523 953 Plat.
572 888 735 953 Phil.
780 912 842 975 p.
894 891 1018 953 102
1065 897 1193 953 not.
1242 912 1303 975 p.
1343 891 1522 975 104),
1571 887 1840 953 dubitari
1886 898 2090 954 tamen
2127 890 2378 974 nequit,

366 1008 527 1072 inter
582 1006 906 1093 plerosque
964 1030 1091 1071 non
1148 1007 1336 1071 fuisse
1392 1028 1677 1092 magnam
1726 1007 2090 1072 ‘animorum
2135 1028 2384 1071 consen-

368 1107 629 1203 sionem,
677 1126 1008 1192 nonnullos
1054 1127 1239 1191 etiam
1285 1127 1408 1191 acri
1453 1126 1595 1192 odio
1641 1149 1706 1191 se
1747 1126 2007 1193 invicem
2053 1127 2382 1191 insectatos

368 1269 515 1312 esse.
606 1244 740 1310 Nec
783 1246 1026 1310 mirum.
1118 1244 1445 1326 Quomodo
1498 1245 1662 1309 enim
1705 1245 1866 1311 inter
1925 1245 2201 1311 homines
2256 1265 2382 1311 non

366 1372 611 1429 tantum
644 1386 863 1449 genere
908 1374 969 1429 et
999 1364 1175 1429 cultu
1189 1414 1208 1448 ‚
1257 1363 1365 1429 sed
1408 1364 1656 1449 ingenio
1671 1413 1690 1443 ‚
1736 1363 2038 1443 moribus,
2083 1366 2211 1430 vita
2253 1375 2381 1430 tam

370 1484 693 1549 dissimiles
765 1492 1004 1571 poterat
1068 1507 1198 1549 esse
1240 1478 1243 1482 ’
1283 1484 1626 1549 animorum
1706 1483 2102 1570 conjunctio?
2207 1483 2384 1549 Plato

372 1586 577 1669 autem
623 1610 695 1669 ut
739 1626 958 1689 genere
1004 1610 1065 1669 et
1124 1602 1285 1669 vitae
1343 1602 1679 1689 dignitate',
1743 1604 1829 1667 sic
1889 1603 2121 1689 ingenii
2179 1604 2386 1668 altitu-

371 1722 514 1787 dine
580 1730 642 1787 et
702 1722 1053 1807 eloquentia
1111 1728 1351 1787 tantum
1411 1744 1621 1787 omnes
1684 1722 2117 1801 antecellebat,
2186 1730 2260 1787 ut
2317 1722 2384 1786 in

372 1840 539 1905 hunc
605 1863 797 1906 unum
866 1842 1127 1906 maxime
1194 1840 1459 1905 invidiae
1515 1840 1640 1905 tela
1667 1841 2074 1927 conjicerent.
2165 1839 2240 1905 In
2287 1841 2385 1905 his

375 1968 579 2023 autem
616 1959 890 2024 Platonis
928 1960 1436 2025 obtrectatoribus
1480 1960 1805 2047 praecipue
1851 1959 2208 2025 nominandi
2240 1970 2386 2025 sunt

376 2076 725 2164 Aristippus
816 2086 879 2143 et
960 2080 1357 2144 Antisthenes
1377 2128 1393 2155 ,
1466 2100 1731 2163 quorum
1813 2078 1967 2143 alter
2046 2079 2389 2164 voluptaria

375 2196 609 2273 indole,
669 2196 822 2261 alter
866 2197 1101 2283 abjecto
1146 2206 1209 2263 et
1251 2197 1474 2263 humili
1519 2198 1764 2284 ingenio
1809 2207 2054 2263 tantum
2101 2220 2137 2263 a
2182 2198 2387 2262 Plato-

376 2316 471 2380 nis
537 2316 949 2400 καλοκαγαθίᾳ
1016 2315 1314 2399 distabat,
1375 2322 1448 2382 ut
1490 2316 1667 2381 nulla
1708 2316 1884 2382 facile
1930 2316 2089 2382 inter
2134 2338 2235 2380 eos
2283 2338 2389 2402 po-

375 2435 567 2499 tuerit
625 2456 756 2500 esse
816 2435 1153 2501 consensio.
1246 2435 1599 2522 Aristippus
1667 2436 1852 2501 simul
1919 2458 2062 2501 cum
2129 2436 2389 2500 Platone

376 2551 754 2640 Syracusana
810 2553 877 2618 in
937 2553 1080 2618 aula
1136 2561 1410 2619 versatus
1470 2561 1564 2619 est
1577 2602 1596 2632 ,
1645 2562 1708 2619 et
1753 2554 1932 2641 plura
1976 2561 2392 2620 memorantur

380 2670 633 2735 dicteria
676 2670 870 2749 unde,
918 2693 1073 2756 quae
1116 2670 1303 2737 fuerit
1349 2693 1559 2737 eorum
1605 2694 1749 2758 erga
1793 2694 1858 2738 se
1887 2673 2147 2737 invicem
2177 2671 2392 2737 volun·

379 2796 473 2853 tas
488 2838 507 2868 ,
552 2796 823 2875 apparet.
854 2790 906 2875 2)
965 2788 1087 2854 Hic
1131 2810 1294 2855 unus
1319 2789 1509 2855 fuisse
1539 2788 1782 2855 videtur
1804 2812 1877 2854 ex
1899 2812 2110 2857 eorum
2135 2811 2390 2855 numero

382 2908 490 2993 qui
556 2906 819 2973 Dionem
892 2916 955 2973 et
1042 2907 1363 2975 Platonem
1428 2915 1690 2995 tyranno
1759 2917 2074 2995 suspectos
2142 2908 2392 2975 reddere

380 3028 584 3093 conati
628 3035 774 3091 sunt
803 3027 882 3092 ob
911 3027 1285 3108 libertatem,
1324 3049 1448 3112 qua
1478 3026 1759 3113 Dionysii
1790 3028 2109 3114 superbiae
2139 3028 2390 3094 obsiste·

383 3154 521 3212 rent
580 3154 641 3211 et
694 3154 1011 3232 corruptas
1073 3146 1249 3211 aulae
1309 3168 1507 3213 mores
1571 3146 1889 3212 emendare
1949 3155 2011 3212 et
2071 3170 2107 3213 a
2150 3148 2410 3213 luxuria·

386 3264 463 3329 ad
500 3264 912 3350 frugalitatem
941 3288 1220 3331 revocare
1250 3275 1634 3331 conarentur.
1685 3266 2062 3332 Memoratur
2089 3266 2242 3332 liber
2265 3268 2395 3331 eius

384 3383 511 3463 ’περὶ
552 3386 823 3458 παλαιᾶς
855 3384 1187 3468 (Πλάτωνος
1206 3384 1256 3469 Ρ)
1278 3392 1503 3469 τρυφῆς
1520 3434 1540 3463 ,
1564 3385 1630 3450 in
1654 3406 1778 3469 quo
1800 3384 2048 3451 Platoni
2077 3385 2393 3451 libidinem

457 3586 506 3647 1)
541 3568 764 3635 Ceterum
798 3585 859 3635 de
889 3586 1105 3636 Platonis
1137 3585 1403 3647 amoribus,
1438 3586 1496 3635 de
1531 3586 1631 3637 eius
1655 3584 1767 3651 gula
1801 3587 2064 3660 ceterisque
2096 3585 2228 3637 vitiis
2261 3587 2398 3653 plura

390 3680 665 3730 fabulantur
696 3680 935 3745 Diogenes
966 3681 1213 3741 Laertius,
1248 3681 1352 3741 111,
1384 3684 1408 3744 5
1441 3682 1503 3731 29
1539 3697 1643 3746 sqq.
1673 3685 1724 3731 et
1758 3682 2032 3731 Athenaeus
2071 3682 2155 3733 lib.
2188 3682 2313 3741 vn,
2350 3699 2398 3749 p.

389 3774 485 3830 27⁶
519 3780 569 3825 et
603 3774 755 3835 XIII,
790 3792 837 3842 p.
863 3777 958 3827 589
984 3776 1038 3829 Ο.
1070 3804 1140 3818 -
1172 3777 1332 3827 Etiam
1366 3778 1706 3828 Dicaearchum
1744 3776 1934 3828 Platoni
1967 3776 2248 3829 libidinosos
2269 3794 2400 3829 amo·

388 3888 464 3922 res
497 3870 829 3943 exprobrasse,
863 3872 1000 3923 testis
1034 3878 1105 3923 est
1138 3874 1309 3924 Cicero
1322 3910 1339 3935 ,
1372 3874 1564 3925 Tuscul.
1600 3874 1697 3935 lv,
1733 3890 1774 3924 e.
1811 3874 1892 3924 84.

458 3968 509 4029 2.)
543 3968 683 4033 Diog.
726 3968 888 4021 Laert.
936 3969 1012 4030 11,
1045 3972 1069 4032 5
1101 3968 1191 4030 61,
1229 3968 1321 4029 78,
1358 3970 1448 4029 81,
1486 3970 1577 4029 82;
1612 3970 1716 4029 111,
1748 3973 1772 4033 5
1805 3970 1886 4019 36.
1949 3970 2082 4020 Plut.
2117 3968 2214 4019 Vit.
2253 3966 2400 4019 Dion.

388 4079 431 4113 c.
468 4063 557 4124 19,
608 4062 881 4130 Aristippus
913 4081 942 4114 a
974 4064 1175 4115 Platone
1209 4065 1487 4131 reprehendi
1523 4065 1712 4116 videtur
1744 4066 1794 4115 in
1830 4065 2084 4116 Phaedone
2119 4070 2187 4131 (p.
2225 4065 2286 4114 59
2324 4065 2402 4126 C.)

390 4158 517 4224 quod
552 4158 735 4209 Socrati
768 4159 991 4209 morienti
1024 4177 1123 4210 non
1155 4160 1387 4219 adfuerit;
1425 4176 1521 4225 quo
1553 4165 1736 4225 spectat
1771 4160 1988 4211 Laertius
2018 4160 2096 4220 11,
2121 4163 2144 4221 5
2185 4160 2272 4210 65:
2299 4164 2398 4210 ἐκά-

394 4276 511 4306 κισεν
544 4259 678 4308 αὐτὸν
710 4258 803 4319 (τὸν
836 4254 1143 4327 Ἀρίστιππον)
1178 4260 1253 4308 καὶ
1287 4258 1475 4309 Πλάτων
1506 4262 1552 4307 ἰν
1582 4270 1651 4325 τῷ
1683 4262 1789 4327 περὶ
1823 4264 1983 4324 ψυχῆς.
