3025 5067
1632 435 1757 498 164

691 641 890 706 ditum
951 651 1152 708 autem
1217 643 1293 708 ab
1353 643 1470 708 hoc
1535 643 1752 707 itinere
1804 663 2000 726 usque
2044 641 2124 705 ad
2169 641 2428 706 alterum
2472 641 2591 704 iter
2634 640 2700 705 in

688 758 955 824 Siciliam
1007 761 1480 827 intercesserunt
1524 761 1647 826 fere
1692 762 1908 846 viginti
1956 739 2121 826 anni.
2186 760 2371 841 Quod
2401 761 2695 846 temporis

685 880 952 964 spatium
1003 880 1306 964 quomodo
1358 883 1746 966 transegerit,
1798 880 2053 965 epistola
2096 880 2338 944 silentio
2369 880 2660 966 praeterit
2674 904 2695 957 ;

683 998 749 1062 in
793 999 1053 1064 transitu
1099 1006 1344 1063 tantum
1391 1006 1803 1064 memorantur
1849 999 1979 1062 eius
2026 998 2317 1079 διατριβαὶ
2364 1001 2464 1062 οὐκ
2498 999 2697 1078 aio-9525·

684 1140 851 1194 μονες
913 1119 994 1202 (Ρ.
1059 1119 1185 1182 329
1255 1117 1332 1202 B)
1389 1125 1451 1182 et
1507 1117 1890 1203 praedicatur
1949 1117 2208 1180 facultas
2269 1117 2399 1180 eius
2458 1138 2703 1200 persua-

684 1234 902 1313 dendi,
952 1257 1075 1320 qua
1120 1236 1531 1301 adolescentes
1578 1237 1737 1301 inter
1782 1258 1865 1299 se.
1892 1238 1970 1307 εἷς
2015 1236 2223 1319 φιλίαν
2268 1235 2364 1300 καὶ
2413 1236 2699 1316 ἑταιρείαν

681 1354 1002 1418 conciliare
1044 1363 1249 1439 posset
1280 1357 1362 1440 (p.
1404 1357 1533 1419 328
1575 1355 1688 1439 D):
1728 1375 1883 1438 quae
1924 1361 2201 1439 spectant
2225 1353 2302 1417 ad
2335 1353 2607 1417 scholam
2630 1354 2699 1418 in

681 1471 1011 1537 Academia
1055 1473 1398 1552 conditam;
1440 1473 1517 1538 de
1547 1473 1868 1537 itineribus
1898 1472 2074 1536 nihil.
2137 1472 2367 1536 Exacto
2400 1473 2518 1536 hoc
2547 1479 2698 1536 tem-

682 1613 826 1675 pore
861 1591 1085 1656 iterum
1115 1592 1180 1655 in
1212 1591 1481 1656 Siciliam
1511 1591 1822 1677 profectus
1838 1641 1857 1670 ,
1889 1598 2184 1655 memorat
2222 1613 2284 1655 se
2314 1591 2380 1653 in
2422 1589 2695 1655 discessu

681 1709 900 1773 adiisse
970 1709 1302 1775 Tarentum
1372 1717 1434 1775 et
1491 1733 1635 1774 cum
1694 1710 1966 1796 Archyta
2024 1710 2361 1795 hospitium
2416 1709 2693 1796 junxisse

682 1829 763 1912 (p.
814 1829 941 1892 338
990 1827 1098 1914 C);
1144 1829 1288 1894 inde
1333 1830 1607 1894 Athenas
1652 1853 1929 1894 reversus
1962 1837 2085 1900 est.
2170 1828 2321 1893 Erat
2359 1836 2496 1892 tum
2527 1851 2692 1892 sexa—

678 1947 961 2032 genarius
1009 1953 1070 2012 et
1115 1947 1193 2012 ad
1237 1948 1746 2034 peregrinandum
1783 1948 2011 2012 tardior
2025 1975 2044 2027 3
2078 1947 2475 2012 nihilominus
2508 1948 2689 2010 tertio

677 2063 753 2129 ad
805 2066 1169 2152 Dionysium
1217 2068 1524 2154 profectus
1571 2074 1696 2146 est,
1744 2067 1908 2132 unde
1952 2089 2015 2132 re
2060 2067 2284 2131 infecta
2324 2067 2451 2152 jam
2496 2089 2686 2152 paene

675 2185 1174 2270 septuagenarius
1220 2186 1285 2248 in
1332 2185 1648 2250 Graeciam
1694 2185 1894 2250 rediit.
1978 2185 2096 2249 Per
2126 2185 2330 2248 omnia
2358 2184 2509 2248 haec
2539 2191 2687 2248 tem·

675 2325 824 2389 pora
884 2303 960 2367 de
1019 2303 1344 2369 itineribus
1401 2305 1470 2369 in
1513 2304 1663 2368 alias
1708 2305 1983 2390 regiones
2028 2305 2204 2368 factis
2248 2326 2361 2368 nec
2404 2303 2545 2366 vola
2573 2325 2684 2367 nec

673 2422 1032 2508 vestigium,
1067 2411 1436 2508 quamquain
1467 2445 1539 2489 ea
1567 2424 2077 2488 commemorandi
2108 2423 2341 2488 occasio
2373 2431 2591 2508 sponte
2622 2444 2684 2487 se

675 2541 980 2606 offerebat.
1040 2541 1223 2607 Unde
1269 2543 1555 2628 colligere
1599 2543 1771 2620 licet,
1806 2550 1914 2607 aut
1944 2543 2297 2629 scriptorem
2326 2541 2549 2606 itinera
2576 2541 2685 2605 illa

671 2660 1006 2744 ignorasse,
1056 2669 1196 2738 aut,
1238 2662 1290 2724 si
1319 2661 1528 2740 novit,
1564 2661 1877 2748 proposito
1909 2661 2105 2746 operis
2137 2662 2444 2725 intentum
2476 2659 2687 2725 oblivi-

674 2801 788 2842 one
820 2779 1215 2864 praeteriisse.
1263 2779 1613 2845 Memoratu
1644 2788 1847 2844 autem
1870 2780 2126 2866 dignum
2156 2803 2355 2865 neque
2377 2780 2444 2845 in
2470 2780 2683 2844 ceteris

672 2895 963 2982 Epistolis
1009 2897 1340 2962 Platonicis
1389 2899 1464 2963 de
1509 2899 1995 2984 peregrinatione
2025 2899 2133 2962 illa
2164 2899 2492 2984 quicquam
2522 2898 2681 2984 legi3

671 3021 884 3078 contra
947 3015 1015 3079 in
1075 3014 1396 3081 Socraticis
1455 3039 1611 3100 quae
1656 3017 1938 3081 feruntur
1981 3016 2275 3102 Epistolis
2290 3066 2309 3096 ,
2358 3039 2516 3101 quae
2561 3016 2682 3080 illis

670 3142 816 3198 sunt
860 3140 1019 3198 certe
1059 3134 1373 3219 aliquanto
1411 3135 1773 3201 recentiores
1787 3185 1806 3214 ,
1853 3135 1929 3200 de
1951 3136 2271 3201 itineribus
2303 3135 2428 3199 illis
2451 3135 2681 3200 mentio

670 3252 758 3316 fit.
849 3251 1070 3339 Itaque
1129 3275 1254 3318 non
1317 3276 1763 3339 supervacuum
1820 3255 2072 3340 opinor,
2120 3277 2276 3340 quae
2330 3253 2407 3319 de
2450 3254 2679 3319 itineri-

668 3371 784 3436 bus
831 3370 1104 3437 Platonis
1150 3371 1431 3458 Megara,
1481 3371 1784 3458 Cyrenen,
1834 3374 1899 3436 in
1939 3373 2286 3459 Aegyptum
2302 3422 2322 3452 ,
2347 3373 2681 3438 Tarentum

667 3489 894 3556 tradita
938 3497 1084 3554 sunt
1097 3539 1116 3570 ,
1173 3512 1296 3575 qua
1345 3491 1707 3569 auctoritate
1744 3491 2022 3556 nitantur
2052 3490 2273 3577 quidve
2302 3475 2378 3556 iis
2407 3491 2678 3556 tribuen—

670 3607 817 3671 dum
868 3608 948 3672 sit
999 3609 1174 3687 fidei,
1217 3610 1542 3693 inquirere.
1614 3608 1793 3674 Subit
1857 3610 2017 3674 enim
2066 3611 2352 3694 cogitatio
2369 3659 2388 3688 ,
2438 3633 2677 3674 omnem

667 3726 838 3790 illam
897 3728 1443 3812 peregrinationem
1501 3729 1653 3815 fingi
1697 3729 1972 3815 potuisse
2019 3729 2093 3794 ab
2142 3729 2487 3793 hominibus
2529 3731 2679 3793 otio-

669 3845 770 3924 siS,
804 3844 930 3910 sive
969 3846 1206 3924 studi0,
1248 3846 1415 3931 quod
1453 3846 1771 3911 Platonem
1796 3847 1909 3911 hac
1931 3847 1998 3911 in
2020 3869 2083 3910 re
2106 3846 2351 3926 Soloni,
2376 3846 2678 3932 Pythago-

666 3986 801 4044 rae,
841 3963 1191 4030 Democrito
1216 3965 1426 4030 cedere
1448 3965 1715 4044 nollent,
1744 3967 1868 4028 sive
1892 3965 2059 4049 quod
2083 3959 2479 4051 opinarentur
2501 3989 2675 4046 eum,

668 4106 824 4168 quae
871 4071 948 4149 de
992 4087 1308 4172 Aegypte,
1357 4086 1433 4150 de
1479 4085 1913 4171 Pythagoreis,
1965 4085 2040 4149 de
2084 4085 2407 4172 Megaricis
2461 4087 2674 4165 refert,

667 4225 912 4269 noscere
955 4226 1083 4269 non
1127 4206 1433 4290 potuisse,
1482 4206 1602 4269 nisi
1646 4207 1712 4269 in
1756 4206 1905 4290 ipsis
1950 4205 2074 4269 illis
2104 4205 2255 4270 locis
2295 4213 2452 4271 esset
2480 4228 2679 4270 versa-
2696 4291 2709 4312 δ
