3025 5067
1639 413 1719 474 50

669 628 773 685 tur
815 621 1090 713 Platonis
1135 619 1325 683 codex
1371 619 1687 683 Parisinus
1733 621 1813 682 A.
1875 618 2048 682 Idem
2096 618 2385 682 flosculus
2433 616 2687 681 redden-

668 740 786 804 dus
829 739 1110 825 scriptori
1157 739 1266 822 qui
1313 737 1807 823 epistolographo
1854 744 2063 801 nostro
2109 744 2306 801 aetate
2334 736 2681 821 proximUS,

670 858 1029 922 Manethoni
1061 856 1223 942 apud
1255 856 1498 941 Ioseph.
1534 879 1587 920 c.
1624 856 1846 941 Apion.
1882 856 1948 933 I,
1991 838 2111 933 26,'
2144 856 2253 920 ubi
2284 856 2470 919 simili
2502 877 2681 918 sensu

675 977 792 1041 hoc
839 976 1004 1040 dicto
1053 976 1286 1039 utitur:
1336 976 1383 1039 οἱ
1430 975 1488 1038 δὲ
1538 981 1865 1052 Σολυμῒται
1918 1025 1931 1039 .
1961 1022 1976 1037 .
2007 1026 2022 1039 .
2070 972 2243 1045 οὕτως
2289 974 2519 1042 άνοσίω-,τ
2568 980 2687 1044 τοῖς

668 1097 969 1176 άνθρώποις
1030 1095 1493 1175 προσηνέχθησαν
1510 1145 1528 1177 ,
1576 1092 1723 1159 ὥστε
1779 1096 1881 1169 την
1940 1100 2050 1159 τῶν
2104 1092 2503 1173 προειρημένων
2548 1089 2681 1171 κρά-

670 1239 830 1288 τησεν
874 1213 1089 1293 χρυσὸν
1133 1214 1462 1295 φαίνεσθαι.
1528 1212 1627 1277 Ibi
1671 1234 1985 1297 perperam
2032 1217 2279 1275 auctore
2324 1208 2689 1273 Havercam-

669 1333 771 1417 pio
816 1331 1148 1396 novissima
1195 1331 1339 1395 edit.
1387 1332 1603 1411 χρυσὸν
1648 1332 1909 1395 mutavit
1954 1331 2018 1394 in
2062 1330 2375 1411 χειρίστην.

757 1449 1044 1514 Ceterum
1087 1451 1188 1515 hic
1227 1472 1469 1535 quoque
1515 1472 1640 1514 non
1688 1472 1883 1535 pauca
1913 1457 2059 1513 sunt
2090 1470 2498 1534 supervacua,
2530 1468 2687 1530 quae

670 1568 886 1633 melius
955 1568 1262 1646 abessent,
1341 1575 1412 1632 ut
1478 1567 1637 1632 illud
1700 1568 1870 1649 φίλον
1944 1565 2121 1647 ἄνδρα
2189 1568 2312 1643 ἐμοὶ
2382 1564 2685 1645 πρεσβύ-

671 1710 858 1767 τερον
906 1685 1182 1768 Σωκράτη
1200 1736 1217 1768 ,
1267 1686 1442 1770 quasi
1487 1686 1774 1770 cuiquam
1821 1686 2199 1770 aequalium,
2242 1685 2349 1769 qui
2380 1684 2685 1747 Socratem

675 1812 737 1868 et
780 1805 1098 1869 Platonem
1141 1810 1422 1881 nossent,
1469 1804 1648 1868 illum
1692 1811 1844 1868 natu
1874 1804 2161 1867 maiorem
2190 1792 2376 1866 fuisse
2404 1804 2685 1887 ignotum

677 1946 806 1988 esse
851 1932 1090 2009 posset3
1137 1930 1268 1988 tum
1314 1922 1471 1986 illud
1518 1923 1616 1988 ε’πί
1658 1947 1787 1989 τινα
1832 1929 1943 1988 τῶν
1987 1929 2235 1987 πολιτῶν
2280 1923 2409 1999 μεθ’
2443 1921 2689 1999 ἑτέρων

675 2041 969 2120 ἔπεμπον,·
1004 2042 1264 2127 denique
1309 2044 1370 2106 οὐ
1410 2042 1627 2122 σμικροὶ
1662 2041 1907 2105 insolite
1946 2040 2224 2104 additum
2263 2040 2459 2104 verbis
2497 2038 2551 2102 εἴ
2584 2042 2690 2103 τιν’

674 2158 842 2225 ἄλλα
901 2166 1170 2226 τοιαῦτα.
1264 2158 1341 2223 Ι11
1405 2159 1500 2222 his
1564 2167 1801 2223 autemz
1862 2158 1919 2223 ὃν
1965 2158 2173 2239 σχεδὸν
2218 2162 2318 2223 οὐκ
2360 2157 2431 2223 ἂν
2478 2158 2692 2236 αἰσχυ-

673 2279 866 2355 νοίμην
909 2280 1078 2342 εἰπὼν
1117 2278 1474 2343 δικαιότατον
1511 2274 1655 2342 εἶναι
1696 2284 1805 2342 τῶν
1843 2277 1981 2342 τότε
1999 2326 2015 2353 ,
2064 2283 2485 2361 praeterquam
2525 2272 2693 2357 quod

672 2395 882 2475 σχεδὸν
953 2395 1126 2459 valde
1193 2396 1374 2481 friget
1389 2445 1408 2473 ,
1479 2395 1731 2459 verbum
1794 2392 2177 2475 αἰσχυνοίμην
2237 2394 2516 2480 ineptum
2578 2398 2687 2455 est.

672 2512 842 2592 Quid
903 2514 1063 2577 enim
1123 2512 1434 2578 dedecoris
1503 2523 1610 2591 aut
1676 2512 1927 2597 pudoris
1997 2512 2218 2577 habere
2287 2517 2558 2598 poterat,
2632 2510 2689 2573 si·

674 2632 980 2696 Socratem
1025 2632 1298 2695 omnium
1343 2633 1448 2716 qui
1493 2639 1641 2696 tunc
1686 2639 1856 2695 erant
1893 2632 2117 2695 civium
2150 2631 2557 2717 justissimum
2588 2651 2691 2713 ap-

675 2750 991 2835 pellabat?
1051 2750 1497 2835 Requirebatur
1526 2737 1666 2836 'pro
1713 2752 1829 2815 hoc
1874 2754 1975 2816 οὐκ
2018 2750 2092 2816 ἂν
2138 2752 2455 2827 ὀκνήσαιμι.
2545 2746 2693 2811 Νο11

677 2870 861 2933 semel
891 2870 956 2933 in
986 2892 1106 2933 usu
1134 2870 1318 2933 huius
1351 2869 1521 2934 verbi
1550 2877 1804 2955 peccant
1828 2869 2165 2954 Epistolae,
2198 2875 2272 2931 ut
2302 2868 2437 2945 HI,
2471 2890 2531 2951 p.
2560 2837 2683 2930 :317

676 2988 762 3051 B:
812 2988 1172 3068 αἰσχύνομαι
1219 2988 1284 3064 δη
1329 2990 1526 3065 λέγειν
1572 2986 1699 3053 ὅσαι
1745 2989 1883 3053 τότε
1913 2987 2217 3052 ἐπιστολαὶ
2254 2988 2418 3065 παρά
2454 2992 2551 3050 σοῦ
2588 2984 2687 3049 καὶ

674 3110 810 3186 παρ’
870 3104 1068 3172 ἄλλων
1125 3104 1295 3189 ἱἦλθον
1313 3159 1332 3183 ,
1396 3128 1506 3191 pro
1570 3127 1692 3189 quo
1755 3128 1966 3169 sensus
2026 3104 2342 3189 flagitabat
2396 3104 2687 3181 αἰδοῦμαι.

675 3224 833 3289 Sunt
877 3231 1081 3289 autem
1127 3224 1308 3323 verba
1352 3224 1460 3288 illa
1503 3224 1821 3288 manifeste
1866 3224 2128 3287 imitatio
2175 3246 2385 3287 eorum
2431 3244 2583 3307 quae
2621 3221 2688 3284 in

677 3351 943 3408 extrema
997 3343 1340 3408 Phaedonis
1400 3344 1622 3430 pagina
1680 3344 2003 3427 leguntur:
2064 3340 2161 3417 ἥδε
2216 3346 2249 3419 ἦ
2294 3344 2540 3425 τελευηη
2585 3344 2687 3405 άν-

676 3463 794 3543 δρὸς
813 3513 831 3536 ,
895 3466 966 3535 ὡς
1031 3466 1196 3541 ἡμεῖς
1255 3469 1482 3545 φαῖμεν
1528 3460 1599 3526 ἂν
1617 3513 1633 3535 ,
1682 3470 1791 3527 τῶν
1834 3462 1969 3526 τότε
2014 3459 2083 3526 ὧν
2144 3460 2515 3542 ἐπειράθημεν
2571 3460 2692 3540 άρί-

674 3603 813 3645 στου
872 3580 971 3644 καὶ
1027 3580 1225 3651 άλλως
1278 3579 1711 3662 φρονιμωτάτου
1756 3580 1854 3643 καὶ
1902 3578 2282 3644 δικαιοτάτου.
2376 3577 2687 3662 Epistulae

673 3698 936 3762 imitatio
1014 3699 1213 3763 firmat
1288 3698 1613 3762 lectionem
1687 3704 1797 3762 τῶν
1864 3698 1999 3762 τότε
2014 3749 2032 3772 ,
2105 3718 2259 3780 quae
2327 3696 2686 3781 interpretes

653 3816 1006 3881 ‚nonnullos
1059 3816 1330 3881 offendit.
1422 3815 1607 3896 Quod
1651 3817 1719 3879 in
1764 3824 2033 3879 extrema
2077 3816 2377 3879 sententia
2420 3815 2679 3899 legitur:

676 3935 929 4012 ἐμαυτὸν
985 3935 1363 4013 ἐπανήγαγον
1422 3935 1543 3999 άπὸ
1586 3940 1698 3999 τῶν
1742 3934 1874 3998 τότε
1919 3939 2107 3998 κακῶν
2124 3983 2142 4011 ,
2188 3956 2314 3998 11011
2357 3941 2517 3997 recte
2562 3932 2686 3998 dic-

673 4058 808 4116 tum
853 4052 1089 4136 opinor.
1135 4054 1495 4130 Έπανάγειν
1542 4053 1841 4137 significat
1884 4052 2125 4130 άνάγειν
2162 4054 2261 4117 ἐπί
2297 4077 2379 4128 τι,
2405 4053 2687 4137 proferre

674 4171 770 4234 vel
824 4172 1048 4257 rqferre
1106 4174 1215 4248 ad,
1277 4174 1341 4235 in
1355 4220 1374 4250 ,
1441 4179 1502 4235 et
1562 4171 1649 4234 ita
1706 4172 1827 4234 fere
1874 4174 1952 4242 εἷς
1970 4220 1987 4253 ‚
2035 4171 2130 4234 ἐπὶ
2149 4220 2166 4253 ‚
2216 4173 2349 4251 πρὸς
2396 4170 2685 4255 adjuncta
