3025 5067
1662 380 1741 441 82

697 585 968 670 picturae
1005 584 1236 648 similis„
1286 583 1545 664 Quaerit
1575 606 1648 648 ex
1677 591 1933 668 tyranno
1949 634 1967 662 ,
2002 583 2303 668 numquid
2334 584 2404 647 in
2432 582 2713 647 Heracli-

696 704 836 768 dem
895 705 1176 768 statuerit
1234 705 1523 784 νεώτερον;
1586 702 1757 766 addit
1777 730 1800 793 :⁴
1846 703 2042 767 δοκεῖ
2082 701 2199 781 γάρ
2243 727 2337 780 μοι
2384 702 2573 783 ταύτῃ
2616 725 2714 774 πη

698 822 1074 900 γεγονέναι
1105 822 1402 905 φανερὸς
1433 820 2090 903 ἀποτετραμμένος,
2124 822 2186 885 h.
2213 843 2263 884 e.
2298 822 2522 885 videtur
2551 820 2713 891 enim

695 943 805 1005 huc
863 942 1078 1005 alieubi
1132 942 1418 1005 secessisse
1493 964 1541 1004 S.
1610 940 1900 1027 rqfuqium
1945 940 2231 1025 quaesisse
2239 967 2267 1015 ;
2314 960 2496 1022 quam
2542 937 2718 1002 bella

698 1060 778 1122 sit
837 1060 956 1124 ista
1025 1059 1392 1144 periphrasis
1407 1108 1424 1137 ‚
1483 1081 1663 1123 nemo
1708 1080 1833 1124 non
1877 1058 2081 1121 sentit.
2166 1057 2325 1120 Tum
2370 1057 2716 1139 Dionysius

697 1176 1036 1258 ἀνεφλέχθη
1051 1227 1065 1252 ,
1129 1178 1519 1261 iofflammatus
1578 1183 1697 1241 est:
1758 1177 2009 1241 verbum
2061 1150 2279 1257 fortius
2296 1225 2315 1253 ,
2364 1198 2486 1259 quo
2523 1174 2715 1238 Plato

698 1296 812 1362 hoc
859 1319 1040 1360 sensu
1083 1320 1209 1361 non
1256 1298 1480 1374 utitur,
1532 1296 1637 1359 sed
1683 1296 1933 1360 seriores
1950 1345 1968 1374 ,
2016 1302 2089 1360 ut
2133 1295 2445 1359 Plutarch.
2490 1294 2713 1379 Pelop.

699 1437 751 1478 c.
802 1418 920 1479 32:
968 1419 1030 1481 οὐ
1075 1416 1341 1497 κατέσχε
1385 1419 1466 1497 τῷ
1511 1418 1777 1494 λογισμῷ
1823 1417 1927 1490 την
1971 1416 2171 1497 ὀργὴν,
2218 1415 2386 1478 ἀλλά
2432 1412 2566 1493 πρὸς
2596 1413 2718 1487 τὴν

698 1534 916 1615 βλέψιν
938 1536 1338 1617 ἀναφλεχθεὶς
1361 1536 1482 1602 κτὲ.
1518 1534 1683 1599 Huic
1706 1535 1901 1599 simile
1926 1542 2019 1599 est
2039 1534 2291 1599 verbum
2316 1532 2674 1610 ἐξάπτεσθαι
2693 1584 2715 1607 ,

699 1654 894 1738 Epist.
920 1654 1080 1732 VII,
1108 1677 1166 1739 p.
1202 1657 1327 1717 340
1361 1654 1442 1716 B:
1475 1653 1793 1732 ἐξημμένος
1824 1655 1933 1719 ὑπὸ
1963 1653 2350 1737 φιλοσοφίας,
2376 1674 2647 1717 accensus
2674 1676 2721 1715 a

685 1773 1083 1855 philosophia.
1147 1773 1246 1838 Sic
1291 1774 1536 1837 Atticus
1582 1773 1765 1838 homo
1809 1796 1930 1837 non
1964 1774 2209 1837 locutus
2242 1779 2432 1849 esset,
2467 1772 2713 1856 opinor.
2802 1815 2810 1821 -

699 1890 1064 1956 Ποιντοδοοπά
1121 1892 1421 1972 χρώματα
1481 1890 1612 1968 ἧκεν
1657 1900 1749 1955 est
1791 1891 2081 1956 flosculus
2128 1892 2451 1977 decerptus
2495 1913 2526 1955 e
2570 1890 2721 1953 Pla-

699 2008 860 2071 tonis
905 2008 1161 2094 Lyside,
1208 2033 1268 2094 p.
1319 2013 1444 2072 222
1486 2010 1577 2088 B,
1626 2011 1734 2074 ubi
1778 2010 2184 2097 Hippothales
2231 2010 2340 2074 ὑπὸ
2375 2018 2480 2084 τῆς
2512 2008 2718 2084 ἡδονῆς

703 2126 1054 2191 παντοδαποὶ
1113 2128 1268 2209 ἠφίει
1327 2129 1627 2209 χρώματα
1642 2179 1661 2207 ,
1710 2130 1876 2213 quod
1930 2129 2162 2193 dictum
2216 2129 2465 2192 seriores
2520 2136 2721 2190 certa-

700 2244 811 2307 tim
857 2244 1078 2308 imitati
1147 2253 1292 2310 sunt
1315 2295 1333 2325 ,
1410 2252 1482 2311 ut
1526 2253 1701 2310 notat
1746 2246 2063 2311 Heindorf.
2113 2246 2189 2310 ad
2234 2246 2295 2309 h.
2344 2245 2385 2309 l.
2478 2243 2721 2308 Noster

700 2384 841 2426 vero
913 2363 1270 2447 elegantiam
1343 2364 1491 2429 dicti
1548 2367 1818 2451 corrupit
1878 2366 2155 2431 addendo
2218 2365 2382 2449 quod
2444 2365 2721 2447 quisque

703 2486 917 2565 sponte
960 2480 1290 2567 intelligat,
1337 2479 1430 2548 οἷοι
1473 2483 1547 2549 ἀν
1592 2484 1935 2564 θυμούμενος
1980 2486 2181 2567 ἀφείη.
2246 2482 2535 2568 Sequitur
2565 2504 2721 2566 sup-

703 2598 978 2682 plicatio,
1045 2602 1318 2686 jurgium
1335 2652 1354 2680 ‚
1420 2604 1713 2687 jactantia
1783 2603 1964 2668 verba
2022 2603 2327 2680 Platonis,
2386 2601 2721 2682 τυραννικὸν

701 2717 961 2795 βλέμμοο
1005 2718 1319 2805 Dionysii3
1367 2721 1615 2785 tandem
1662 2728 1891 2787 actores
1936 2746 2001 2787 re
2031 2722 2255 2786 infecta
2286 2720 2626 2785 discedunt.
2665 2722 2721 2805 ¹)

789 2835 1068 2900 Profecto
1129 2830 1429 2903 neminem
1474 2839 1601 2903 fore
1648 2840 1938 2918 arbitror,
1988 2840 2171 2925 quin,
2232 2840 2347 2903 hac
2394 2861 2572 2902 scena
2618 2845 2723 2901 at-

701 2961 868 3019 tente
913 2955 1204 3039 perlecta,
1251 2958 1515 3022 fateatur
1560 2982 1691 3023 eam
1738 2966 1799 3023 et
1841 2960 2022 3023 rebus
2069 2966 2130 3024 et
2173 2958 2371 3023 verbis
2416 2958 2503 3021 ita
2548 2978 2722 3019 com—

702 3079 975 3157 paratam
1037 3097 1165 3139 esse
1179 3125 1198 3154 ,
1261 3084 1334 3140 ut
1399 3099 1525 3141 non
1592 3078 1941 3155 Platonem,
2013 3079 2119 3141 sed
2186 3078 2391 3163 potius
2461 3076 2721 3140 simium

705 3191 968 3275 aliquem
1013 3192 1288 3258 Platonis
1333 3195 1569 3260 referat.

795 3429 964 3494 Haec
1008 3430 1084 3495 de
1131 3432 1422 3518 epistolae
1467 3432 1903 3517 compositione
1951 3440 2012 3496 et
2058 3432 2218 3496 stilo.
2306 3431 2723 3516 Compositio-

705 3571 847 3613 nem
891 3548 1066 3613 nobis
1115 3552 1398 3635 apparuit
1441 3551 1627 3615 talem
1672 3574 1799 3616 esse
1818 3600 1836 3629 ,
1885 3558 1957 3614 ut
2000 3573 2125 3615 non
2154 3572 2357 3615 veram
2388 3549 2721 3635 epistolam

705 3667 811 3731 sed
865 3668 1066 3731 fictam
1113 3675 1360 3753 arguat,
1409 3691 1662 3753 eamque
1705 3692 1817 3733 nec
1862 3692 1898 3731 a
1940 3669 2194 3733 Platone
2237 3691 2349 3733 nec
2395 3667 2470 3732 ab
2502 3668 2722 3751 aliquo

705 3786 836 3849 eius
896 3784 1286 3850 familiarium
1301 3836 1320 3865 ,
1380 3786 1484 3850 sed
1533 3810 1567 3849 a
1610 3787 1852 3851 rhetore
1896 3788 1993 3851 vel
2038 3788 2233 3850 otioso
2278 3787 2523 3851 homine
2568 3808 2722 3851 eon-

706 3903 1026 3988 scriptam3
1074 3904 1404 3970 dictionem
1450 3912 1655 3969 autem
1701 3905 1939 3990 plenam
1987 3928 2113 3969 esse
2166 3905 2421 3990 argutiis
2468 3912 2530 3968 et
2572 3904 2724 3968 flos-

776 4160 826 4221 1)
859 4159 1040 4208 Similis
1074 4161 1258 4224 pictura
1291 4165 1363 4211 est
1396 4162 1446 4210 in
1479 4162 1573 4210 fine
1608 4161 1697 4224 Ep.
1734 4162 1825 4211 111.
1859 4162 1916 4211 de
1950 4178 2042 4226 qua
2074 4180 2197 4212 mox.
