3025 5067
1621 409 1741 472 182

1317 823 1493 902 Περὶ
1566 823 2031 898 ἐπιστήμης.

369 1111 425 1172 p.
476 1091 624 1151 342.
754 1087 930 1152 Ἔστι
976 1095 1086 1151 τῶν
1122 1087 1289 1152 ὄντων
1327 1088 1587 1167 ἑκάστῳ,
1630 1088 1697 1150 δι’
1735 1084 1805 1152 ὧν
1839 1088 1941 1161 την
1967 1086 2292 1163 ἐπιστήμην
2314 1083 2550 1161 άνάγκη
2576 1108 2681 1146 πα-

670 1206 1049 1283 ραγίγνεσθαι
1065 1255 1084 1288 ,
1132 1207 1296 1286 τρία,
1337 1207 1610 1286 τέταρτον
1634 1207 1681 1269 δ’
1706 1206 1859 1280 αὐτή
1875 1255 1891 1286 ,
1936 1204 2205 1282 πέμπτον
2243 1204 2290 1267 δ’
2314 1203 2458 1268 αὐτὸ
2484 1202 2684 1265 τιθέναι

573 1321 625 1383 Β
671 1326 758 1388 δεῖ
814 1321 841 1388 ὃ
902 1325 968 1398 δη
1029 1326 1286 1403 γνωστόν
1341 1351 1409 1390 τε
1455 1327 1553 1391 καὶ
1600 1326 1808 1401 άληθές
1857 1329 2010 1390 ἐστιν
2040 1347 2053 1360 ·
2104 1321 2176 1388 ὦν
2220 1320 2279 1388 ἓν
2324 1323 2430 1401 μὲν
2480 1322 2684 1400 ὄνομα,

671 1444 924 1524 δεύτερον
983 1445 1043 1507 δὲ
1100 1445 1276 1522 λόγος
1295 1495 1312 1519 ,
1375 1447 1441 1510 τὸ
1503 1445 1563 1509 δὲ
1622 1447 1806 1525 τρίτον
1858 1443 2121 1516 εἴδωλον,
2177 1443 2451 1522 τέταρτον
2500 1441 2549 1505 δ’
2574 1443 2686 1506 ἐπι-

671 1564 866 1640 στήμη
895 1614 909 1628 .
958 1563 1083 1642 περὶ
1131 1559 1189 1627 ἓν
1233 1558 1322 1628 οὖν
1368 1564 1563 1646 λαβέ,
1612 1564 1965 1641 βουλόμενος
2017 1563 2225 1640 μαθεῖν
2270 1561 2337 1626 τὸ
2383 1565 2479 1625 νῦν
2524 1559 2687 1637 λεγό-

672 1704 838 1758 μενον
855 1733 872 1756 ,
928 1681 1024 1745 καὶ
1074 1681 1307 1746 πάντων
1352 1680 1494 1747 οὕτω
1543 1682 1665 1761 πέρι
1712 1683 1899 1757 νόησον
1926 1731 1941 1746 .
1990 1683 2200 1752 κύκλος
2244 1680 2373 1744 ε’στί
2416 1703 2474 1743 τι
2521 1675 2682 1755 λεγό-

673 1822 874 1876 μενον,
937 1794 979 1880 ᾧ
1039 1802 1198 1864 τοῦτ’
1260 1800 1394 1864 αὔτ’
1447 1803 1602 1865 ε’στιν
1646 1798 1823 1879 ὄνομα
1868 1797 1895 1864 ὃ
1946 1805 2039 1863 νῦν
2086 1797 2427 1879 ἐφθέγμεθα
2455 1846 2469 1860 .
2519 1796 2683 1872 λόγος

672 1919 718 1982 δ’
745 1920 922 1983 αὐτοῦ
967 1919 1032 1983 τὸ
1073 1917 1321 1999 δεύτερον
1335 1969 1353 2001 ,
1400 1918 1464 1994 ἐξ
1500 1919 1793 1994 ὀνομάτων
1834 1919 1932 1984 καὶ
1970 1916 2238 1999 ῥημάτων
2282 1915 2652 1994 συγκείμενος
2672 1935 2685 1948 ·

671 2037 737 2100 τὸ
789 2036 906 2116 γάρ
952 2039 1017 2101 ἐκ
1061 2043 1170 2100 τῶν
1221 2037 1496 2116 ε’σχάτων
1541 2037 1635 2102 ἐπὶ
1682 2037 1749 2101 τὸ
1798 2037 1972 2113 μέσον
2018 2035 2134 2101 ἴσον
2178 2035 2409 2114 άπέχον
2456 2031 2650 2114 πάντη
2668 2084 2684 2105 ,

673 2155 846 2232 λόγος
908 2154 978 2219 ἂν
1031 2153 1115 2229 εἴη
1161 2156 1368 2219 ἐκείνου
1415 2149 1565 2236 ᾧπερ
1612 2155 1973 2235 στρογγύλον
2019 2154 2119 2218 καὶ
2170 2153 2467 2233 περιφερὲς
2519 2151 2691 2228 ὄνομα

577 2272 626 2335 G
671 2274 769 2338 καὶ
832 2271 1036 2345 κύκλος
1057 2324 1070 2338 .
1127 2274 1312 2352 τρίτον
1372 2274 1430 2337 δὲ
1474 2275 1540 2338 τὸ
1586 2272 2067 2354 ζωγραφούμενόν
2120 2298 2187 2336 τε
2233 2271 2331 2336 καὶ
2382 2269 2688 2352 ἐξαλειφό-

670 2416 837 2470 μενον
883 2392 980 2456 καὶ
1024 2391 1412 2472 τορνευόμενον
1458 2393 1556 2456 καὶ
1610 2392 2014 2470 άπολλύμενον
2045 2394 2089 2475 ι)
2105 2441 2123 2469 ,
2174 2388 2245 2454 ὧν
2291 2391 2469 2462 αὐτὸς
2522 2392 2550 2452 o‘
2594 2388 2687 2454 κύ-

671 2524 839 2584 κλος,
895 2507 952 2573 ὃν
999 2508 1122 2588 πέρι
1169 2510 1344 2573 πάντ’
1388 2511 1511 2574 ἐστὶ
1558 2515 1793 2585 ταῦτα,
1842 2510 1995 2574 οὐδὲν
2042 2510 2308 2590 πάσχει,
2355 2508 2572 2573 τούτων
2614 2509 2680 2580 ὡς

671 2627 853 2709 ἕτερον
899 2626 952 2692 ὄν
972 2677 987 2693 .
1034 2628 1307 2708 τέταρτον
1353 2629 1400 2691 δ’
1424 2629 1718 2706 ἐπιστήμη
1760 2630 1856 2692 καὶ
1890 2635 2013 2700 νοῦς
2044 2630 2261 2703 άληθής
2292 2653 2359 2692 τε
2391 2626 2535 2704 δόξα
2565 2627 2686 2707 περὶ

671 2751 843 2813 ταῦτ’
887 2747 1042 2812 ἐστίν
1069 2767 1082 2781 ·
1130 2750 1202 2818 ὤς
1248 2748 1307 2811 δὲ
1348 2745 1404 2811 ἓν
1450 2751 1609 2812 τοῦτ’
1655 2743 1731 2813 αὖ
1775 2751 1897 2812 πάν
1941 2749 2158 2820 θετέον,
2207 2752 2307 2814 οὐκ
2352 2750 2410 2812 ἑν
2464 2754 2683 2827 φωναῖς

672 2867 784 2931 οὐδ’
845 2869 900 2930 ἐν
939 2865 1226 2942 σωμάτων
1271 2867 1581 2961 σχήμασιν
1598 2919 1635 2942 ,,
1663 2867 1804 2930 άλλ’
1850 2868 1908 2932 ἐν
1953 2873 2187 2946 ψυχαῖς
2234 2867 2385 2940 ε’νόν,
2438 2862 2480 2949 ᾧ
2526 2868 2684 2940 δῆλον

674 2983 856 3065 ἕτερόν
907 2987 963 3049 τ’
985 2983 1041 3048 ὃν
1086 2986 1264 3049 αὐτοῦ
1311 2991 1410 3049 τοῦ
1459 2984 1667 3049 κύκλου
1713 2993 1818 3060 τῆς
1865 2985 2098 3067 φύσεως
2144 2991 2255 3050 τῶν
2300 2988 2355 3050 τ’
2379 2985 2685 3066 ἔμπροσθεν

574 3110 631 3172 D
677 3103 998 3184 λεχθέντων
1057 3108 1215 3182 τριῶν
1236 3155 1249 3168 .
1313 3103 1528 3168 τούτων
1590 3101 1637 3167 δ’
1662 3103 1983 3181 ἐγγύτατα
2060 3104 2167 3179 μὲν
2227 3103 2549 3182 ξυγγενείςι
2594 3104 2686 3168 καὶ

674 3222 957 3298 ὁμοιότητι
1016 3227 1118 3286 τοῦ
1178 3221 1452 3296 πέμπτου
1511 3228 1635 3293 νοῦς
1698 3222 2067 3297 πεπλησίακε
2083 3271 2102 3304 ,
2156 3216 2366 3287 τάλλα
2412 3223 2471 3286 δὲ
2518 3223 2687 3288 πλέον

674 3343 891 3423 άπέχει
920 3394 933 3408 .
983 3341 1197 3406 ταύτὸν
1243 3342 1308 3414 δη
1356 3341 1486 3420 περί
1529 3344 1583 3405 τ’
1606 3341 1785 3414 εὐθέος
1827 3339 1963 3419 ἅμα
2001 3341 2099 3406 καὶ
2145 3348 2480 3424 περιφεροῦς
2538 3344 2686 3422 σχη-

674 3487 863 3540 ματος
909 3460 1008 3526 καὶ
1052 3460 1274 3543 χρόας,
1322 3461 1452 3540 περί
1493 3464 1549 3525 τ’
1572 3462 1797 3538 άγαθοῦ
1830 3461 1929 3525 καὶ
1961 3467 2141 3526 κακοῦ
2172 3462 2268 3526 καὶ
2302 3462 2520 3526 δικαίου
2539 3513 2556 3534 ,
2588 3465 2684 3527 καὶ

679 3582 802 3660 περὶ
851 3581 1119 3658 σώματος
1165 3577 1426 3652 ἅπαντος
1473 3585 1795 3645 σκευαστοῦ
1839 3605 1907 3644 τε
1952 3581 2051 3644 καὶ
2098 3582 2260 3646 κατὰ
2304 3581 2483 3663 φύσιν
2517 3605 2690 3659 γεγο-

679 3699 863 3780 νότος,
913 3698 1081 3779 πυρὸς
1128 3695 1334 3769 ὕδατός
1379 3723 1446 3762 τε
1490 3698 1588 3761 καὶ
1635 3703 1746 3762 τῶν
1791 3697 2051 3763 τοιούτων
2100 3699 2364 3774 πάντων,
2413 3701 2511 3764 καὶ
2555 3699 2689 3780 ζῴου

687 3826 770 3833 ...η-
775 3826 880 3833 -—

750 3871 795 3930 l)
830 3871 924 3918 Pro
968 3870 1039 3918 his
1079 3869 1330 3934 legendum
1364 3869 1594 3932 conjicio,
1632 3870 1759 3932 quod
1794 3871 1841 3918 in
1878 3871 2093 3919 versione
2129 3871 2263 3930 dedi,
2299 3875 2487 3920 mutato
2526 3872 2687 3920 verbo-

680 3983 784 4016 rum
838 3966 1028 4014 ordine:
1074 3969 1128 4016 τὸ
1172 3968 1545 4034 ζωγραφούμενον
1592 3970 1665 4018 καὶ
1699 3973 2008 4035 τορνευόμενον
2060 3972 2134 4020 καὶ
2166 3971 2507 4035 ἐξαλειφόμενόν
2539 3989 2592 4021 τε
2620 3974 2691 4020 καὶ
