3025 5067
1651 411 1773 470 122

701 619 1058 679 demnarunt.
1095 618 1137 699 ¹)
1185 617 1269 679 At
1301 616 1549 698 quinam
1588 625 1734 679 sunt
1765 616 1873 700 qui
1904 615 2212 678 Socratem
2235 611 2730 678 damnaverunt?

703 736 801 797 An
849 732 1123 797 homin'es
1170 734 1438 811 nobiles»,
1489 733 1813 819 potentes?
1881 733 2015 796 Imo
2070 733 2345 796 Socrates
2394 732 2726 795 damnatus

701 859 793 914 est
853 851 927 914 ab
975 851 1298 928 HeliastiS,
1347 851 1408 914 h.
1458 875 1509 914 e.
1567 851 1801 936 judicio
1864 851 2114 936 populi,
2164 875 2198 914 a
2244 851 2498 914 consilio
2547 849 2724 933 quin-

699 976 1016 1052 gentorum
1065 969 1186 1033 fere
1226 968 1539 1054 judicum,
1592 970 1696 1052 qui
1744 978 1902 1033 sorte
1950 994 1982 1032 e
2029 993 2133 1033 sex
2155 966 2427 1034 ¹millium
2462 991 2722 1031 numero

700 1087 1112 1171 capiebantur.
1205 1086 1374 1151 Num
1437 1088 1501 1151 hi
1565 1088 1683 1151 dici
1742 1095 2000 1172 possunt
2044 1087 2477 1158 δυναστεύοντές
2526 1086 2724 1156 muse?

699 1205 986 1269 Crederes
1008 1206 1130 1270 fere
1155 1207 1507 1290 scriptorem
1531 1215 1810 1271 nostrum
1835 1215 2079 1292 putasse
2105 1207 2410 1271 Socratem
2438 1207 2513 1270 ab
2535 1207 2721 1268 Areo·

701 1326 839 1409 pagi
892 1326 1126 1410 judicio
1180 1327 1536 1391 damnatum
1583 1350 1710 1392 esse
1733 1378 1750 1405 ,
1801 1351 1984 1412 penes
2032 1327 2195 1410 qnod
2241 1326 2513 1390 tribunal
2561 1326 2721 1420 anti-

698 1445 908 1528 quitus
969 1445 1168 1509 fuerat
1221 1446 1526 1531 judicium
1586 1446 1867 1524 ἀσεβείαις
1915 1447 2166 1530 (MeurS.
2216 1447 2437 1530 Areop.
2488 1444 2557 1508 C.
2612 1448 2675 1528 9)
2693 1471 2714 1522 3

699 1563 863 1646 quod
909 1571 1112 1628 tamen
1157 1565 1379 1629 falsum
1426 1589 1557 1630 esse
1598 1567 1726 1650 jam
1771 1566 2007 1650 pridem
2072 1564 2349 1649 probavit
2395 1561 2606 1626 Freret
2654 1565 2719 1626 in

697 1681 840 1744 diss
895 1682 1060 1745 laud.
1123 1707 1182 1766 p.
1241 1685 1398 1760 264,
1456 1690 1517 1747 et
1564 1683 1937 1748 affirmarunt
1981 1684 2174 1746 Meier
2219 1690 2281 1746 et
2326 1681 2674 1746 Schemann
2695 1732 2716 1759 ,

697 1801 825 1863 Att.
873 1800 1046 1864 Proc.
1094 1824 1154 1886 p.
1205 1803 1370 1880 305,
1421 1797 1703 1868 not.'37.

1628 2040 1662 2122 ᾧ
1717 2040 1776 2101 2.

749 2273 844 2334 De
873 2273 1143 2337 Platonis
1172 2275 1456 2337 sententia
1473 2276 1725 2360 politica
1756 2281 1811 2337 et
1842 2277 1911 2337 de
1941 2297 2119 2370 causa
2138 2273 2653 2356 pereqrinationi&

785 2506 1266 2572 Commemorato
1313 2509 1498 2572 XXX
1548 2511 1811 2574 virorum
1861 2510 2178 2573 dominatu
2225 2517 2285 2572 et
2330 2509 2557 2593 injusta
2603 2508 2709 2571 So-

693 2627 870 2690 cratis
938 2627 1323 2692 damnatione
1341 2679 1358 2706 ,
1429 2629 1689 2713 scriptor
1757 2629 2017 2713 explicat
2086 2628 2359 2692 Platonis
2408 2627 2483 2690 de
2528 2651 2705 2712 repu-

692 2745 850 2808 blica
894 2746 1260 2830 capessenda
1303 2748 1666 2810 sententiam
1714 2754 1773 2810 et
1829 2754 2141 2832 susceptae
2203 2746 2700 2831 peregrinationis

695 2886 957 2927 causam.
1049 2864 1264 2942 „Haec
1326 2888 1519 2948 quum
1580 2866 2056 2943 considerarem,
2120 2865 2303 2944 dicit,
2366 2862 2476 2945 ὅσῳ
2544 2867 2702 2941 μᾶλ-

693 2997 790 3046 λον
849 2983 1172 3048 διεσκόπουν
1233 2985 1456 3059 ἡλικίας
1528 2988 1583 3048 τ’
1619 2987 1696 3056 εἷς
1762 2985 1829 3049 τὸ
1896 2986 2100 3063 πρόσθε
2170 2985 2506 3064 προῦβαινον
2524 3033 2541 3061 ,
2612 3007 2702 3047 το-

692 3102 874 3182 σούτῳ
931 3104 1341 3183 χαλεπώτερον
1401 3103 1673 3186 ἐφαίνετο
1732 3106 1892 3184 ὀρθῶς
1952 3100 2101 3168 εἷναί
2156 3127 2250 3180 μοι
2296 3105 2377 3168 τὰ
2424 3103 2699 3168 πολιτικοὶ

683 3220 916 3286 διοικεῖν.
988 3220 1276 3306 Corrupti
1323 3215 1615 3286 nimirum
1662 3231 1835 3286 erant
1879 3245 2073 3286 mores
2122 3223 2342 3287 civium
2391 3229 2453 3286 et
2497 3223 2697 3306 leges:

680 3338 763 3404 τοὶ
820 3365 888 3403 τε
947 3347 1057 3404 τῶν
1118 3340 1298 3418 νόμων
1356 3341 1702 3420 γράμματα
1761 3342 1859 3406 καὶ
1922 3341 2011 3416 ἔθη
2060 3341 2433 3422 διε-φθείρεται
2497 3340 2697 3404 dicere

683 3457 918 3520 voluit:
1010 3460 1056 3522 οἱ
1141 3458 1294 3536 νόμοι
1381 3459 1479 3523 καὶ
1549 3461 1630 3524 τὰ
1699 3460 1811 3533 ἔθη.
1847 3461 1893 3544 2)
1985 3459 2302 3542 Denique,
2357 3458 2556 3536 dicit,
2629 3460 2695 3522 in

754 3717 800 3777 1)
834 3717 930 3765 Pro
964 3721 1178 3781 εἰσάγειν,
1213 3718 1338 3781 quod
1372 3721 1444 3765 est
1479 3718 1675 3766 verbum
1711 3719 1964 3776 usitatum,
2005 3717 2147 3781 paulo
2182 3722 2293 3766 ante
2328 3717 2470 3766 habet
2503 3721 2703 3781 εἰσάγειν

686 3817 749 3870 εἰς
771 3813 1080 3882 &normaton
1115 3812 1241 3861 idem
1277 3813 1487 3862 occurrit
1521 3814 1571 3861 in
1608 3813 1745 3877 Apol.
1784 3829 1832 3876 p.
1857 3813 1918 3862 29
1955 3815 2025 3861 A:
2060 3811 2158 3864 τότ’
2178 3819 2235 3864 ἄν
2264 3835 2328 3878 με
2361 3814 2544 3870 δικαίως
2566 3817 2701 3864 εἰσά-

683 3927 751 3971 γοι
794 3927 864 3964 τις
897 3911 959 3964 εἰς
987 3909 1295 3978 δικαστήριον.
1362 3908 1589 3972 Hirschig
1623 3909 1688 3957 ibi
1722 3908 1899 3957 delevit
1932 3914 1995 3966 εἰς
2030 3910 2313 3978 δικαστήριον
2346 3913 2400 3956 ut
2434 3909 2697 3967 emblema,

683 4003 926 4067 probabile
959 4007 1116 4052 tamen
1153 4003 1278 4052 idem
1305 4003 1406 4066 jam
1440 4003 1879 4067 epistolographum
1916 4004 1965 4051 in
2000 4003 2216 4052 Platonis
2251 4003 2375 4052 libro
2411 4003 2593 4066 legisse.

750 4099 796 4158 2)
833 4098 958 4148 Mira
1007 4099 1175 4157 dieti03
1225 4106 1366 4164 νόμων
1417 4103 1495 4157 ἔθη
1544 4100 1637 4148 dici
1689 4103 1883 4163 possent
1916 4115 2063 4148 mores
2096 4099 2271 4163 leqibus
2304 4099 2548 4148 constituti
2592 4100 2695 4148 sive

683 4193 884 4258 recepti,
919 4194 996 4242 sed
1035 4194 1260 4260 distingui
1294 4202 1440 4261 νόμων
1472 4201 1551 4254 ἔθη
1584 4199 1632 4244 et
1665 4203 1808 4261 νόμων
1837 4201 2104 4266 γράμματα
2135 4195 2353 4258 ineptum
2375 4204 2514 4258 puto,
2558 4196 2697 4263 quasi
