3025 5067
1239 411 1359 476 157

216 599 221 609 ¹
277 624 354 680 et
402 616 785 703 Dionysium.
880 617 1251 682 Plutarchus
1269 667 1287 696 ‚
1337 618 1402 682 in
1447 618 1575 682 vita
1620 617 1803 682 Dion.
1852 640 1904 682 c.
1955 620 1993 682 3
2012 668 2031 694 ‚
2070 624 2315 682 secutus

275 745 384 800 est
427 735 766 822 Epistolam
782 787 800 815 ‚
850 744 1116 801 attamen
1163 737 1346 815 vidit,
1389 737 1638 821 opinor,
1666 736 2020 801 incredibile
2054 759 2183 800 esse
2209 759 2310 801 eos

284 878 327 918 a
391 855 622 940 populo
683 855 1017 935 τυράννους,
1085 863 1145 920 et
1208 855 1454 940 quidem
1517 856 1941 938 αὐτοκράτορας
1981 855 2315 937 τυράννους,

279 973 629 1058 appellatos
674 974 890 1052 fuisse3
937 974 1147 1058 itaque
1193 995 1302 1060 pro
1348 973 1464 1037 hoc
1497 973 1738 1057 scripsit
1771 973 2153 1055 στρατηγούς.
2199 975 2314 1039 ‘In--

280 1093 526 1172 παρίνου
589 1092 789 1176 (dicit)
852 1093 1286 1171 πρωτεύσαντος
1347 1092 1543 1173 ἀνδρὸς
1592 1094 1986 1171 Συρακουσίων
2047 1093 2145 1156 καὶ
2194 1104 2321 1158 Διο-

283 1212 460 1292 νυσίῳ
509 1210 925 1290 συνάρξαντος,
979 1209 1074 1276 ὅτε
1129 1217 1342 1292 πρῶτον
1396 1209 1860 1292 αὐτοκράτωρ
1920 1210 2015 1276 ἐπὶ
2072 1211 2169 1276 τὸν
2221 1207 2323 1276 πό-

284 1345 473 1408 λεμον
533 1331 690 1412 ᾑρέθη
753 1331 1186 1409 στρατηγός.
1279 1328 1395 1392 Sed
1451 1335 1707 1412 uterque
1760 1329 1999 1394 erravit.
2091 1328 2321 1394 Verum

286 1455 388 1512 est
433 1448 602 1532 quod
647 1448 956 1512 Diodorus
1001 1457 1243 1526 narrat,
1292 1448 1487 1533 primo
1527 1447 1893 1532 Dionysium
1924 1447 2072 1512 belli
2102 1447 2319 1511 ducem

286 1575 567 1632 creatum
615 1589 748 1632 esse
795 1591 936 1632 cum
979 1567 1264 1652 collegis„
1309 1573 1519 1652 postea
1549 1589 1689 1630 vero
1720 1566 1866 1645 hos,
1899 1566 2067 1630 illius
2100 1567 2324 1632 calum·

284 1686 416 1749 niis
449 1687 514 1750 in
547 1686 751 1750 odium
788 1685 1208 1750 multitudinis
1243 1685 1547 1749 adductos
1564 1733 1584 1764 ,
1620 1684 1831 1770 pulsos
1865 1692 1925 1750 et
1957 1685 2071 1749 soli
2100 1686 2328 1772 Diony-

288 1804 386 1866 sio
419 1805 740 1889 imperium
772 1803 1131 1869 mandatum
1164 1826 1292 1867 esse
1325 1804 1423 1887 (cf.
1451 1802 1676 1881 Grote‚
1702 1827 1763 1890 p.
1790 1807 1918 1868 440
1945 1808 2079 1889 sq.).
2128 1803 2328 1884 Quae-

285 1945 439 1985 nam
503 1929 711 1986 autem
773 1923 888 1986 hac
952 1923 1016 1986 in
1077 1945 1141 1986 re
1204 1921 1536 2007 Hipparini
1591 1923 1822 1988 fuerint
1866 1930 2100 2008 parteS,
2150 1923 2329 1990 docet

287 2041 660 2106 Aristoteles
714 2043 780 2105 in
825 2042 1066 2107 Politic'.
1116 2041 1208 2121 V,
1262 2045 1342 2106 56
1367 2093 1385 2120 ,
1438 2044 1544 2127 qui
1586 2050 1791 2107 narrat
1821 2066 1957 2107 eum
1976 2093 1994 2121 ,
2030 2044 2326 2107 exhausto

289 2161 666 2245 patrimonio
683 2210 702 2239 ,
751 2183 928 2248 opem
968 2162 1184 2226 tulisse
1215 2161 1513 2246 Dionysio
1549 2163 1616 2226 in
1647 2162 2004 2247 occupando
2036 2162 2290 2249 imperio
2309 2212 2326 2241 ‚

289 2293 644 2364 sperantem
707 2281 1000 2345 nimirum
1061 2281 1187 2345 fore
1237 2289 1309 2345 ut
1354 2281 1468 2344 hac
1515 2282 1751 2344 ratione
1797 2303 1919 2346 rem
1970 2281 2327 2345 familiarem

291 2398 754 2482 quodammodo
801 2400 1091 2463 reficeret.
1125 2399 1170 2486 ¹)
1261 2398 1432 2464 Haec
1477 2421 1601 2463 non
1659 2422 1908 2484 prorsus
1956 2401 2329 2465 conveniunt

289 2539 440 2580 cum
505 2517 580 2580 iis
644 2539 800 2600 quae
848 2517 922 2580 de
970 2517 1301 2602 Hipparini
1347 2516 1516 2580 illius
1564 2517 1770 2581 indole
1816 2517 1880 2581 in
1929 2519 2045 2582 hoc
2089 2518 2329 2603 Episto-

289 2634 392 2698 lae
450 2634 586 2697 loco
647 2645 1078 2699 memorantur.
1173 2634 1255 2698 Et
1317 2657 1470 2719 quae
1535 2635 1761 2701 ibidem
1819 2659 1878 2721 p.
1946 2639 2074 2700 355
2132 2638 2184 2701 Ε
2248 2637 2328 2701 le-

293 2761 570 2838 guntur,
636 2753 744 2817 ubi
807 2774 1028 2837 magno
1091 2755 1146 2817 ei
1204 2753 1422 2817 honori
1467 2753 1762 2818 tribuitur
1808 2752 1971 2838 quod
2019 2755 2140 2819 ἀπὸ
2184 2755 2331 2836 βαρ-

292 2871 496 2952 βάρων
527 2855 928 2951 ,ἠλευθέρωσεν
989 2875 1046 2936 ἐν
1090 2875 1172 2952 τῷ
1220 2871 1357 2936 τότε
1409 2872 1597 2952 χρόνῳ
1634 2876 1738 2946 τὴν
1785 2874 1951 2940 πόλιν
1966 2923 1985 2952 ,
2035 2873 2099 2937 111
2130 2874 2327 2937 maius

295 2997 484 3054 aucta
543 2989 847 3054 videntur.
939 2989 1136 3070 Quasi
1192 2990 1339 3055 huic
1385 2991 1497 3054 uni
1545 3014 1578 3054 e
1631 2989 1839 3056 decem
1870 2990 2129 3056 ducibus
2163 2992 2326 3056 salus

293 3108 545 3173 Siciliae
591 3107 952 3194 imputanda
999 3108 1186 3172 esset!

393 3228 486 3291 Ut
526 3235 729 3292 autem
770 3226 971 3305 hunc,
1020 3227 1106 3289 ita
1137 3227 1319 3290 etiam
1343 3226 1639 3290 minorem
1664 3225 2109 3312 Hipparinum,
2143 3226 2328 3291 huius

291 3351 627 3430 nepotem,
661 3345 868 3409 nimiis
899 3343 1140 3408 extollit
1169 3342 1494 3422 laudibus»,
1531 3366 1726 3428 quum
1757 3367 1963 3429 regem
1995 3368 2133 3408 eum
2174 3366 2331 3409 com·

293 3463 556 3529 mendat
602 3463 754 3528 duas
801 3462 879 3527 ob
931 3484 1171 3525 causas:
1219 3463 1395 3542 χάριν
1433 3471 1540 3537 τῆς
1579 3488 1647 3528 τε
1684 3463 1749 3537 δὴ
1790 3470 1886 3529 νῦν
1924 3459 2189 3540 stuariam
2230 3465 2327 3528 καὶ

293 3585 454 3666 (τοῦ)
509 3582 658 3655 ὁσίου
703 3582 909 3660 τρόπου
936 3633 952 3656 ,
1007 3578 1065 3650 ὃς
1112 3579 1413 3658 γενόμενος
1467 3580 1737 3660 τυράννου
1783 3580 1999 3661 πατρὸς
2043 3582 2178 3645 ἑκὼν
2225 3582 2329 3655 τὴν

373 3920 426 3982 l)
461 3919 738 3968 Aristotelis
771 3917 941 3976 verba,
975 3917 1122 3966 citata
1159 3933 1189 3966 a
1221 3916 1425 3975 Groteo,
1460 3917 1575 3964 haec
1609 3921 1745 3964 sunt:
1779 3919 1970 3980 γίνονται
1999 3917 2047 3966 δὲ
2069 3920 2335 3982 μεταβολαὶ

293 4025 392 4074 τῆς
445 4018 715 4085 ὀλιγαρχίας
763 4018 838 4065 καὶ
889 4017 1000 4064 ὅταν
1046 4016 1306 4064 ἀναλώσωσι
1359 4017 1421 4062 τὰ
1462 4012 1559 4062 δια
1592 4019 1756 4074 ζῶντες
1788 4013 1984 4074 ἀσελγῶς
2005 4023 2017 4036 ·
2056 4015 2131 4061 καὶ
2163 4017 2256 4079 γὰρ
2291 4015 2332 4062 οἱ

298 4116 504 4162 τοιοῦτοι
554 4115 833 4173 καινοτομεῖν
867 4113 1050 4171 ζητοῦσι
1099 4111 1174 4158 καὶ
1207 4110 1236 4164 ἣ
1269 4106 1492 4174 τυραννίδι
1521 4109 1797 4156 ἐπιτίθενται
1822 4107 1947 4156 αὐτοὶ
1980 4108 2009 4162 ἣ
2048 4115 2335 4156 κατασκευά-

301 4215 462 4270 ζουσιν
493 4208 647 4272 ἕτερον
664 4241 677 4262 ,
712 4209 872 4269 ὥσπερ
901 4201 1161 4272 Ἱππαρῖνος
1191 4203 1406 4254 Διονύσιον
1438 4205 1482 4250 ἂν
1515 4203 1829 4269 Συρακούσαις.
