3025 5067
1692 389 1809 450 142

746 597 849 660 alii
893 595 1139 680 quidam
1184 595 1349 658 docti
1393 590 1472 658 ad
1499 593 1863 680 Dionysium
1893 595 2125 658 venisse
2154 593 2469 673 dicuntur,
2501 603 2576 658 ut
2602 595 2745 658 Pla-

745 715 905 778 tonis
973 703 1418 799 philosophiam
1485 735 1559 776 ex
1627 735 1697 776 eo
1764 721 2194 796 cognoscerent
2207 763 2226 792 ,
2302 735 2493 798 quum
2558 713 2745 776 Plato

743 835 872 918 ipse
895 833 1020 917 jam
1050 838 1226 896 antea
1253 830 1583 894 'Parentum
1612 831 1914 915 profectus
1943 853 2082 896 cum
2113 832 2381 916 Archyta
2401 831 2743 917 hospitium

743 953 978 1015 iniisset
1048 953 1132 1034 (p.
1193 953 1320 1014 338
1385 949 1477 1034 C).
1540 948 1802 1013 Videtur
1846 950 1963 1013 hoc
2008 972 2138 1014 esse
2198 958 2605 1014 commentum
2658 948 2745 1012 ad

745 1069 1092 1133 Platonicae
1137 1068 1465 1152 sapientiae
1494 1067 1971 1131 -admirationem
2017 1068 2356 1152 augendam
2400 1069 2741 1131 inventum.

832 1186 1018 1266 Quod
1063 1185 1140 1249 ad
1183 1185 1566 1250 Heraclidem
1598 1186 1847 1262 attinetz,
1882 1208 1954 1250 ex
1983 1186 2289 1249 historicis
2305 1238 2321 1266 ,
2356 1185 2427 1250 G.
2460 1184 2705 1270 Nepote
2722 1235 2745 1261 ,

743 1305 1048 1383 Diodor0,
1109 1305 1439 1368 Plutarcho
1501 1305 1639 1388 (loc.
1700 1304 1865 1370 laud.
1928 1328 1988 1389 p.
2042 1308 2163 1369 140
2211 1309 2397 1390 not.),
2457 1305 2747 1368 novimus

743 1446 884 1487 eum
930 1424 1204 1508 Dionysii
1244 1425 1524 1507 equitum
1557 1425 1925 1509 praefectum
1963 1424 2148 1488 fuisse
2193 1433 2254 1486 et
2293 1423 2367 1486 ab
2400 1424 2514 1486 hoc
2544 1423 2749 1507 patria

743 1544 989 1628 pulsum
1035 1542 1396 1606 Corinthum
1446 1543 1799 1628 perfugisse.
1870 1541 2011 1622 Quo
2056 1550 2325 1626 tempore
2355 1549 2416 1604 et
2445 1564 2625 1624 quam
2657 1540 2747 1604 ob

743 1685 985 1726 causam
1040 1662 1345 1745 aufugerit
1361 1711 1380 1738 ,
1429 1685 1501 1724 ex
1548 1661 1801 1746 epistola
1848 1661 2157 1725 discimuS.
2248 1661 2467 1744 Neque
2512 1661 2746 1724 crimen

743 1780 909 1865 quod
974 1781 1029 1844 ei
1097 1781 1434 1864 imputatur
1501 1780 1896 1864 improbabile
1949 1788 2057 1843 est.
2147 1778 2294 1842 Fuit
2348 1781 2506 1842 enim
2551 1779 2751 1842 Hera·

741 1899 926 1962 clides
973 1899 1153 1961 homo
1199 1906 1482 1962 strenuus
1500 1947 1519 1977 ,
1568 1898 1672 1961 sed
1717 1883 2029 1982 inquietus
2074 1905 2135 1961 et
2180 1897 2566 1974 ambitiosuS,
2614 1919 2748 1960 non

741 2017 930 2099 magis
993 2016 1190 2078 socius
1236 2015 1452 2079 Dionis
1513 2038 1696 2099 quam
1745 2017 2017 2080 aemulus
2035 2043 2052 2093 3
2100 2017 2206 2100 qui
2251 2024 2575 2100 postquam
2617 2015 2749 2078 Dio

743 2133 970 2198 bellum
1017 2133 1301 2197 adversus
1347 2133 1709 2218 Dionysium
1756 2157 1963 2218 parare
2004 2136 2237 2219 coepit,
2284 2133 2359 2196 ab
2406 2156 2475 2196 eo
2522 2133 2749 2196 defecit

741 2259 800 2314 et
848 2252 1028 2336 paulo
1074 2260 1212 2336 post
1257 2273 1368 2314 suo
1413 2251 1647 2330 Marte,
1693 2252 2019 2328 ἰδιόστολος,
2069 2259 2139 2314 ut
2184 2251 2331 2314 dicit
2374 2250 2747 2314 Plutarchus

741 2393 791 2434 c·
885 2373 967 2433 32
986 2421 1004 2446 ,
1077 2371 1216 2434 navi
1277 2369 1599 2454 Syracusas
1661 2369 1963 2454 profectus
2024 2377 2133 2433 est.
2240 2367 2339 2431 Ibi
2407 2391 2529 2430 una
2596 2389 2747 2430 cum

739 2488 1051 2552 Theodote
1118 2488 1303 2552 Dioni
1371 2487 1729 2552 obtrectavit
1797 2499 1858 2551 et
1924 2488 1999 2551 de
2060 2487 2403 2571 principatu
2463 2508 2603 2548 cum
2662 2508 2745 2548 eo

740 2608 988 2670 certavit
1004 2656 1020 2684 ,
1091 2579 1480 2690 quamobrem
1548 2614 1851 2691 postremo
1911 2607 2094 2691 hujus
2148 2607 2326 2690 jussu
2384 2603 2745 2668 interfectus

740 2733 831 2787 est
875 2726 949 2807 (c.
1001 2727 1126 2810 53).

827 2840 922 2904 De
967 2849 1231 2905 extremo
1275 2850 1544 2926 tempore
1590 2865 1627 2905 a
1668 2840 1923 2906 Platone
1966 2840 2276 2925 Syracusis
2320 2848 2454 2904 acto
2498 2841 2564 2903 in
2594 2839 2746 2923 Epi-

739 2961 893 3024 stola
925 2959 1050 3024 VH
1094 2961 1354 3044 legimus
1370 3010 1388 3038 ‚
1437 2968 1577 3047 post
1614 2963 1887 3046 jurgium
1935 2960 2009 3023 de
2055 2959 2377 3023 Heraclide
2415 2959 2739 3022 Platonem

739 3101 810 3142 ex
849 3101 982 3142 arce
1019 3079 1307 3142 emissum
1347 3101 1476 3142 esse
1518 3086 1578 3142 et
1624 3079 1699 3144 ab
1739 3078 1853 3142 hoc
1896 3077 2038 3142 inde
2091 3085 2361 3162 tempore
2406 3078 2460 3140 ei
2491 3075 2741 3140 nullum

736 3197 853 3260 nisi
905 3219 1012 3280 per
1055 3198 1311 3260 nuncios
1357 3218 1496 3260 cum
1528 3171 1837 3281 ‘Dionysio
1882 3197 2068 3260 fuisse
2113 3196 2555 3259 commercium.
2646 3196 2743 3257 At

736 3316 799 3378 in
845 3314 1122 3398 Epistola
1165 3313 1269 3378 III
1297 3314 1523 3398 legitur
1552 3314 2012 3378 narratiuncula
2036 3313 2111 3377 de
2143 3313 2331 3376 altero
2355 3314 2560 3398 jurgio
2591 3321 2737 3396 post

735 3433 889 3496 illud
948 3441 1189 3517 tempus
1232 3434 1391 3496 inter
1435 3433 1643 3496 ambos
1688 3440 1821 3496 orto
1837 3481 1855 3509 ,
1896 3431 2310 3517 praesentibus
2354 3430 2737 3494 Archedemo

737 3559 799 3614 et
865 3551 1260 3625 AristocritO,
1308 3553 1366 3614 ἐν
1409 3553 1489 3630 τῷ
1534 3551 1730 3630 κήπῳ,
1777 3550 1840 3613 h.
1888 3573 1939 3613 e.
1986 3551 2053 3613 in
2097 3549 2275 3613 horto
2331 3548 2565 3633 regiae,
2620 3547 2733 3611 ubi

736 3676 913 3732 antea
955 3669 1227 3733 habitare
1271 3677 1591 3732 consuerat
1607 3718 1624 3744 ,
1672 3675 1733 3731 et
1779 3668 2023 3752 quidem
2068 3668 2284 3752 viginti
2328 3667 2451 3730 fere
2483 3666 2693 3731 diebus
2708 3717 2733 3744 ‚

735 3793 807 3850 ut
865 3786 1014 3850 dicit
1029 3837 1048 3864 ,
1110 3794 1250 3850 ante
1295 3785 1569 3850 Platonis
1615 3785 1941 3850 discessum
1989 3786 2070 3869 (p.
2120 3788 2245 3848 319
2295 3786 2395 3868 A).
2488 3783 2735 3863 Quodsi

733 3911 1084 3988 reputamus
1138 3925 1292 3987 quae
1337 3904 1498 3966 intra
1548 3909 1787 3987 tempus
1834 3925 1871 3965 a
1922 3903 2192 3966 Platonis
2245 3902 2611 3986 relegatione
2657 3924 2735 3965 ex

734 4022 996 4106 acropoli
1040 4043 1234 4105 usque
1281 4020 1357 4084 ad
1402 4020 1731 4084 discessum
1778 4043 1810 4082 e
1854 4019 2059 4084 Sicilia
2088 4027 2221 4083 acta
2250 4042 2379 4082 esse
2407 4027 2733 4083 narrantur

732 4141 797 4204 in
845 4140 1039 4226 Epist.
1090 4139 1248 4218 VII,
1293 4163 1352 4225 p.
1400 4143 1525 4203 350
1561 4142 1617 4202 A
1649 4139 1730 4217 B,
1771 4140 2119 4217 fatendum,
2146 4139 2393 4232 opinor,
2418 4161 2487 4202 ea
2510 4139 2732 4222 viginti
