3025 5067
1281 376 1407 437 229

430 579 759 666 Postquam
806 581 883 645 de
928 582 1125 668 primo
1170 583 1385 646 itinere
1432 582 1509 645 ad
1533 581 1896 667 Dionysium
1927 581 2220 646 minorem
2255 602 2348 645 ex-

332 699 577 783 posuit,
642 700 791 765 haec
836 700 1084 785 subjicit
1129 724 1201 793 p..
1238 703 1365 765 330
1416 699 1496 764 G:
1546 696 1618 764 ὧν
1663 700 1712 764 δ’
1737 696 1908 765 ἕνεκα
1953 697 2157 784 (πάλιν
2201 702 2349 764 οἱπε-

332 816 574 893 δῆμησα
632 819 713 889 εἷς
774 818 1169 902 Συρακούσας)
1229 818 1327 882 καὶ
1368 816 1454 883 5'6'
1499 816 1733 898 ἔπραξα
1779 819 1852 891 ὡς
1897 818 2096 884 εἰκότα
2139 842 2205 883 τε
2249 818 2349 883 καὶ

332 934 531 999 δίκαια
556 984 570 1001 .
598 986 615 1001 .
642 985 658 1001 .
706 933 933 1018 ὕστερον
977 935 1245 1014 διέξειμι,
1286 937 1348 1002 h.
1373 961 1425 1001 e.
1466 936 1738 1022 „quibus
1754 936 2096 1003 rationibus
2119 936 2348 1023 impul-

335 1076 443 1145 sus
476 1053 589 1119 sim
631 1063 703 1141 ut
744 1055 967 1121 iterum
998 1056 1323 1141 Syracusas
1360 1056 1772 1142 proficiscerer
1786 1105 1806 1134 ,
1855 1062 2038 1140 atque
2083 1078 2241 1141 quae
2285 1056 2351 1121 in

336 1172 617 1261 Dionysii
662 1172 805 1239 aula
848 1174 962 1239 feci
1006 1174 1265 1240 honesta
1309 1181 1371 1239 et
1407 1176 1580 1260 justa
1607 1174 1830 1253 fuisse,
1864 1182 2076 1260 postea
2106 1174 2353 1240 demon·-

334 1291 603 1358 strab0.”
635 1292 927 1357 Similiter
955 1315 1149 1377 quum
1179 1293 1257 1357 ad
1288 1293 1550 1359 alterum
1580 1294 1698 1358 iter
1726 1294 1981 1377 transit,
2015 1292 2164 1357 haec
2188 1315 2354 1379 prae-

336 1409 568 1475 mittit:
616 1414 651 1487 ἦ
696 1408 745 1475 δ’
770 1411 981 1509 ὑστέρα
1024 1411 1221 1492 πορεία
1267 1436 1335 1477 τε
1378 1414 1477 1477 καὶ
1525 1418 1708 1484 πλοῦς
1751 1414 1825 1484 ὡς
1871 1413 2100 1484 εἰκότως
2139 1411 2190 1477 θ’
2212 1409 2351 1489 ἅμα

334 1529 435 1594 καὶ
496 1529 767 1607 ἐμμελῶς
834 1530 1074 1608 γέγονεν
1090 1580 1109 1605 ,
1174 1524 1217 1612 ᾧ
1282 1530 1449 1607 μέλει
1509 1530 1732 1595 ἀκούειν
1795 1529 1983 1607 ἔξεστι
2051 1531 2119 1596 τὸ
2187 1531 2350 1609 μετα

336 1654 521 1713 τοῦτο.
586 1670 647 1734 p.
710 1650 837 1714 337
903 1647 977 1713 E.
1068 1647 1352 1733 Denique
1420 1648 1706 1713 omnibus
1773 1649 2064 1714 enarratis
2124 1648 2352 1714 librum

337 1764 571 1831 claudit
628 1765 725 1830 his
786 1766 1024 1831 verbis:
1086 1762 1161 1831 ὧν
1203 1766 1253 1831 δ’
1282 1765 1652 1843 ἐπανέλαβον
1697 1765 1866 1832 ἕνεκα
1909 1769 2012 1843 τὴν
2059 1768 2138 1839 εἷς
2189 1777 2353 1832 Σικε-

334 1884 471 1949 λίαν
514 1881 719 1967 ἄφιξιν
760 1887 864 1961 τὴν
909 1884 1175 1967 δευτέραν
1188 1934 1208 1969 ,
1269 1863 1595 1964 ἆναγιοαῖον
1623 1862 1796 1951 ἐἶναι
1853 1884 2004 1963 ἔδοξέ
2048 1909 2145 1964 μοι
2191 1886 2350 1967 ρἠθῆ-

336 2026 427 2069 ναι
499 2002 611 2069 δεῖν
677 2004 773 2069 δια
816 2003 921 2077 την
962 2004 1215 2069 ἀτοπίαν
1258 2006 1357 2069 καὶ
1400 2005 1656 2081 ἀλογίαν
1699 2010 1812 2070 τῶν
1859 2005 2176 2083 γενομένων
2230 2005 2351 2089 (λε-

334 2121 589 2201 γομένων
606 2120 656 2207 Ρ)
675 2141 691 2158 ·
759 2124 809 2188 εἰ
868 2122 918 2186 δ’
941 2119 1058 2204 ἄρα
1093 2122 1201 2187 τινὶ
1244 2123 1327 2188 τὰ
1386 2128 1481 2187 νῦν
1542 2122 1752 2204 ῥηθέντ’
1808 2122 2148 2204 εὖλογῶτερ’
2193 2122 2347 2205 ἕφοὶ·

336 2266 400 2317 νη
460 2241 559 2307 καὶ
620 2240 939 2324 προφάσεις
1000 2241 1139 2323 πρὸς
1197 2241 1281 2308 τοὶ
1340 2241 1631 2320 γενόμενα
1689 2242 1896 2314 ἱκανὰς
1966 2240 2133 2323 ἔχειν,
2193 2240 2347 2319 ἔδοξέ

333 2384 447 2441 τῳ,
490 2362 731 2439 μετρίως
780 2359 853 2425 ἂν
898 2364 1035 2438 ἡμῖν
1074 2360 1174 2426 καὶ
1204 2362 1423 2432 ἱκανῶς
1458 2359 1544 2437 εἴη
1581 2362 1664 2427 τοὶ
1687 2367 1783 2427 νῦν
1805 2361 2092 2441 εἰρημένα.
2123 2358 2347 2425 Nonne

334 2479 431 2543 his
497 2479 695 2544 verbis
756 2480 978 2545 diserte
1022 2478 1253 2545 indicat
1274 2530 1294 2559 ,
1342 2479 1481 2545 ideo
1529 2480 1677 2545 haec
1723 2502 1760 2543 a
1805 2502 1868 2544 se
1914 2480 2140 2565 scripta
2179 2501 2310 2543 esse
2326 2529 2346 2558 ,

332 2604 409 2661 ut
467 2596 627 2661 facta
686 2618 796 2662 sua
853 2598 1217 2679 εὐλογώτερα
1276 2596 1632 2663 viderentur
1693 2620 1878 2683 quam
1923 2597 2109 2683 vulgo
2155 2596 2350 2661 homi-

330 2740 441 2783 nes
494 2716 825 2803 putarent?
906 2716 1128 2803 Neque
1170 2718 1496 2783 immeritO.
1562 2716 1705 2803 Ipse
1749 2740 1875 2783 non
1921 2718 2089 2783 omni
2132 2717 2350 2803 culpae

331 2822 678 2922 suspicioue
736 2858 947 2902 vacare
1006 2859 1071 2901 se
1130 2837 1360 2901 fatetur
1403 2860 1463 2923 p.
1512 2840 1641 2901 445
1690 2836 1768 2900 D.
1818 2831 2077 2917 „Quum
2124 2836 2305 2900 tertio
2325 2884 2343 2915 ,

330 2956 539 3039 inquit
552 3004 571 3032 ‚
618 2977 684 3019 re
727 2954 951 3020 infecta
997 2978 1043 3023 a,
1076 2956 1373 3041 Dionysio
1419 2951 1791 3021 discederem
1812 3003 1832 3032 ,
1895 2954 2067 3019 ἐδόκει
2115 2953 2180 3027 δὴ
2223 2977 2348 3033 χα-

332 3075 625 3141 λεπαίνειν
684 3077 791 3153 μὲν
848 3076 912 3140 οὐ
968 3076 1081 3141 δεῖν
1126 3076 1233 3152 ἐμὲ
1278 3076 1552 3155 Διονυσίῳ
1595 3078 1832 3151 μᾶλλον
1877 3074 1911 3149 ἢ
1959 3074 2086 3151 ἐμοί
2134 3098 2204 3137 τε
2247 3074 2345 3137 καὶ

330 3200 451 3267 τοῖς
519 3194 900 3273 βιασαμένοις
967 3196 1163 3261 ἐλθεῖν·
1220 3194 1289 3261 τὸ
1371 3194 1596 3274 τρίτονε
1660 3193 1955 3272 „videbar
2007 3192 2162 3269 mihi
2220 3213 2348 3257 non

329 3320 459 3379 tam
502 3313 599 3378 illi
642 3313 859 3379 debere
900 3314 1079 3378 irasci
1116 3332 1311 3399 quam*
1338 3313 1618 3379 mihimet
1646 3311 1767 3399 ipsi
1811 3319 1873 3377 et
1915 3312 1992 3376 iis
2038 3334 2074 3375 a
2119 3310 2346 3396 quibus

334 3432 413 3497 ad
458 3431 525 3497 id
569 3454 761 3497 essem
806 3432 1169 3519 impulsus.”
1258 3432 1342 3498 Et
1386 3432 1534 3499 alibi
1580 3438 1882 3498 asseverat
1925 3454 2170 3496 necesse
2219 3452 2348 3496 esse

334 3558 407 3615 ut
450 3573 516 3615 se
560 3550 877 3629 defendat,
924 3552 1045 3617 nisi
1080 3553 1264 3637 justis
1320 3551 1812 3645 accusationibus
1872 3550 2171 3616 obnoxius
2218 3571 2348 3613 esse

332 3670 514 3749 velit,
561 3693 623 3756 p.
672 3674 799 3735 339
849 3673 933 3734 A:
981 3671 1193 3744 δίκαιος
1234 3672 1302 3747 δή
1346 3673 1464 3748 εἶμι
1492 3671 1689 3750 λέγειν
1721 3672 1946 3746 τάληθῆ
1979 3670 2077 3736 καὶ
2110 3668 2250 3755 (leg.
2286 3669 2344 3755 ἢ)

334 3790 632 3869 ὑπομένειν
648 3840 665 3868 ,
694 3840 709 3855 .
737 3840 753 3856 .
775 3839 791 3856 .
837 3789 893 3856 εἴ
925 3815 1013 3862 τις
1058 3788 1175 3869 ἄρα
1216 3791 1300 3856 τα
1344 3790 1614 3867 γεγονότ’
1636 3791 1891 3861 οἰκούσας
1914 3791 2343 3871 καταφρονήσει

333 3918 439 3985 τῆς
498 3910 643 3988 ἐμῆς
702 3909 1088 3992 φιλοσοφίαςε
1152 3916 1439 3995 „oportet
1481 3931 1580 3973 me
1642 3916 1750 3974 aut
1801 3931 1943 3973 vera
1988 3907 2188 3972 dicere
2236 3914 2346 3971 aut

334 4028 489 4095 ferre
548 4030 602 4093 si
662 4030 799 4114 quis
845 4051 1117 4098 rumores
1163 4027 1417 4098 audiens
1460 4050 1659 4097 meam
1702 4027 2152 4119 philosophiam
2205 4047 2347 4123 con-

334 4148 632 4219 temnat.'’
1180 4140 1197 4159 ⁶
1554 4136 1566 4146 ’
