3025 5067
1644 370 1728 430 46

657 560 948 657 γέγονεν,
995 571 1152 650 ἄξιον
1197 575 1458 638 οἰκοῦσαι.
1529 572 1787 637 Perinde
1832 580 1924 636 cst
1968 594 2037 637 ac
2083 572 2136 635 si
2164 571 2383 637 Latine
2414 572 2677 636 diceres:

679 692 809 777 quis
835 692 1039 777 fuerit
1082 694 1282 755 modus
1325 690 1566 773 oriyinis
1606 692 1779 755 huius
1810 690 2123 755 sententiae
2136 740 2155 769 ,
2186 691 2421 773 diqnum
2452 690 2705 754 audita:

679 809 905 873 Similis
951 808 1282 873 cumulatio
1327 809 1737 893 genitivorum
1785 816 1876 872 est
1904 832 1967 895 p.
2016 811 2097 872 33
2110 812 2141 871 l
2176 808 2271 873 D:
2310 809 2451 887 βίαν
2482 808 2540 872 δὲ
2570 832 2683 871 πα-

676 929 819 1010 τρίδι
866 929 1158 1000 πολιτείας
1221 928 1563 1005 μεταβολῆς
1626 928 1709 1005 μὴ
1767 929 2131 1009 προσφέρειν,
2178 949 2289 1012 pro
2335 926 2539 1003 βιαίαν
2584 949 2681 991 πο-

678 1046 901 1120 λιτείας
955 1046 1322 1125 μεταβολήν.
1397 1046 1530 1127 Νέῳ
1572 1047 1669 1111 καὶ
1716 1048 1800 1125 μὴ
1846 1049 1945 1127 νέῳ
1980 1031 2082 1111 ὲεὺ
2126 1046 2343 1131 putida
2387 1045 2685 1130 elegantia

675 1188 784 1252 pro
830 1166 930 1245 νέῳ
977 1165 1075 1229 καὶ
1129 1164 1458 1247 πρεσβύτῃ,
1507 1165 1662 1242 sive,
1710 1171 1783 1229 ut
1824 1166 2007 1229 estin
2041 1165 2343 1249 Apologia
2380 1186 2441 1249 p.
2476 1166 2556 1227 30
2590 1165 2677 1227 A:

676 1283 774 1349 καὶ
822 1284 1064 1365 νεωτέρῳ
1109 1283 1206 1349 καὶ
1238 1283 1619 1365 πρεσβυτέρῳ.
1668 1282 2057 1347 Eiusdemmo
2065 1282 2127 1346 di
2159 1290 2250 1347 est
2279 1281 2435 1347 illud
2466 1306 2506 1367 p
2553 1285 2679 1345 333

678 1401 764 1465 B:
827 1398 919 1465 ἵνα
979 1402 1026 1465 δ’
1050 1402 1452 1482 ε’κπεροὶνωμεν
1511 1405 1631 1467 οὐκ
1690 1401 1902 1480 ὅλιγα
1961 1403 2303 1483 πράγματα
2362 1405 2420 1467 ἐν
2472 1401 2687 1481 ὀλίγῳ

685 1519 903 1601 χρόνῳ,
950 1542 1060 1603 pro
1107 1521 1306 1585 πολλα
1351 1520 1446 1584 δια
1489 1518 1783 1599 βραχεων.
2539 1602 2546 1609 ἱ

770 1637 1083 1702 Postremo
1117 1638 1326 1701 addit:
1360 1638 1486 1719 ἔχει
1518 1639 1636 1718 γαρ
1666 1637 1853 1718 καιρὸν
1892 1638 1973 1703 τα
2004 1644 2119 1703 νῦν.
2166 1638 2464 1702 Scribenti
2494 1638 2687 1701 otium

680 1756 865 1821 fuisse
933 1756 1010 1819 ad
1077 1756 1322 1841 longam
1399 1756 1719 1841 epistolam
1786 1755 2265 1819 concinnandam
2281 1806 2301 1834 ,
2365 1756 2687 1832 credibile;

677 1897 830 1938 num
889 1897 1028 1938 vero
1091 1875 1308 1938 Dionis
1371 1874 1551 1937 sociis
1608 1874 1780 1939 avide
1832 1874 2152 1938 consilium
2201 1874 2689 1960 exspectantibus

683 1992 847 2056 idem
893 1992 1097 2073 καίριον
1142 1993 1338 2057 visum
1383 1993 1605 2069 fuerit,
1652 2014 2015 2077 magnopere
2062 1993 2325 2057 dubites,-

772 2226 940 2291 Haec
1007 2228 1312 2312 praefatus
1381 2252 1417 2292 a
1485 2252 1549 2293 se
1630 2229 1763 2313 ipso
1838 2227 2125 2292 narrandi
2189 2229 2436 2292 initium
2503 2228 2687 2291 facit:

685 2345 831 2418 Νέος
891 2347 1004 2423 ἐγώ
1065 2350 1193 2411 ποτ’
1239 2348 1310 2411 ὢν
1374 2355 1613 2420 πολλοῖς
1674 2347 1739 2421 δὴ
1804 2347 2017 2412 ταύτὸν
2075 2348 2280 2413 ἔπαθον
2297 2368 2313 2384 ·
2376 2348 2583 2429 ᾠήθην,
2642 2348 2689 2410 εἰ

687 2465 894 2529 θᾶττον
937 2466 1190 2542 ἐμαυτοῦ
1235 2466 1503 2545 γενοίμην
1565 2465 1743 2545 κύριος
1762 2518 1779 2541 ,
1843 2466 1937 2530 ε’πὶ
1992 2467 2073 2531 τα
2117 2467 2273 2531 κοινοὶ
2316 2474 2423 2541 ’τῆς
2468 2465 2688 2537 πόλεως

686 2582 847 2655 εὐθὺς
891 2566 1048 2649 ἱέναι.
1138 2584 1256 2649 Καί
1296 2608 1392 2663 μοι
1436 2584 1623 2665 τύχαι
1670 2585 1813 2656 τινὲς
1861 2590 1971 2649 τῶν
2008 2593 2112 2659 τῆς
2149 2584 2366 2656 πόλεως
2406 2582 2685 2665 πραγμα·

689 2723 800 2765 των
845 2700 1054 2764 τοιαίδε
1101 2702 1440 2781 παρέπεσον.

779 2816 857 2881 In
899 2819 994 2882 his
1041 2819 1178 2902 quis
1223 2842 1348 2883 non
1395 2820 1600 2883 statim
1648 2817 2071 2883 animadvertit
2113 2820 2323 2883 inanes
2368 2819 2688 2883 verborum

691 2935 1015 3021 ambages?
1082 2936 1355 3002 Primum
1419 2944 1561 3022 post
1618 2938 1699 3001 τα
1759 2937 1916 3002 κοινοὶ
1961 2938 2224 3001 otiosum
2270 2944 2362 3000 est
2419 2945 2523 3011 τῆς
2590 2934 2691 3001 πο’-

687 3068 864 3125 λεωςε
942 3055 1166 3118 usitate
1245 3056 1402 3119 enim
1478 3055 1726 3120 Graecis
1788 3056 2012 3121 dicitur
2072 3057 2351 3137 προσιέναι
2414 3055 2546 3136 πρὸς
2608 3057 2689 3121 τα

689 3172 844 3237 κοινοὶ
862 3225 880 3249 ,
945 3176 1246 3255 παρελθεῖν
1307 3174 1400 3238 ἐπὶ
1461 3174 1555 3238 ται
1604 3174 1789 3256 κοινοὶ,
1852 3175 1933 3240 τα
1992 3175 2149 3239 κοινοὶ
2211 3174 2485 3255 πράττειν
2499 3225 2516 3257 ,
2579 3179 2689 3239 τῶν

687 3296 874 3355 κοινῶν
917 3293 1282 3371 ἀπέχεσθαι,
1333 3292 1450 3356 alia
1479 3292 1867 3371 huiusmodi,
1900 3316 2022 3357 non
2056 3293 2262 3357 addito
2293 3302 2397 3367 τῆς
2430 3295 2649 3357 πόλεως
2668 3343 2685 3366 ,

689 3409 855 3491 quod
900 3409 1000 3473 hic
1047 3432 1116 3473 eo
1161 3411 1352 3495 magis
1400 3410 1685 3489 offendit,
1748 3412 1893 3496 quia
1945 3412 2107 3476 idem
2166 3411 2527 3476 vocabulum
2572 3417 2705 3475 sta-'

689 3527 800 3590 tim
861 3528 1131 3592 iteratur.
1223 3527 1421 3593 Simili
1480 3529 1828 3614 pleonasmo
1883 3532 2089 3616 jungit
2142 3540 2346 3595 noster
2406 3531 2486 3594 τοὶ
2530 3530 2690 3595 κοινοὶ

695 3646 791 3709 καὶ
839 3647 1140 3723 πολιτικοὶ,
1187 3671 1247 3731 p.
1297 3650 1421 3711 325
1472 3650 1564 3725 A,
1613 3647 1778 3732 quod
1822 3649 1883 3712 in
1934 3648 2053 3712 alio
2086 3649 2375 3733 scriptore
2406 3648 2583 3712 facile
2619 3648 2689 3711 li-

692 3763 890 3827 brario
935 3765 1263 3843 tribuereS‚
1310 3767 1375 3831 in
1419 3776 1630 3831 nostro
1676 3768 1741 3830 id
1785 3790 1911 3831 non
1956 3789 2325 3832 concessum.
2395 3768 2555 3831 Dein
2585 3788 2691 3830 no·

689 3890 854 3947 tetur
899 3883 1354 3948 circumlocutio
1400 3884 1591 3965 τύχαι
1622 3894 1765 3957 τινὲς
1797 3891 1905 3949 τῶν
1933 3895 2036 3960 τῆς
2072 3886 2290 3958 πόλεως
2322 3883 2691 3968 πραγμάτων

687 4022 796 4084 pro
859 3999 1042 4081 τύχαι
1101 4002 1247 4074 τινὲς
1309 4010 1412 4075 τῆς
1468 4001 1689 4073 πόλεως
1738 4026 1784 4065 s,
1828 4003 1952 4081 περὶ
1997 4005 2101 4077 τὴν
2144 4004 2455 4067 πολιτείαν.
2526 4002 2689 4065 Talis

688 4117 1053 4202 periphrasis
1099 4118 1380 4202 frequens
1428 4126 1518 4183 est
1563 4120 1629 4183 in
1674 4119 1983 4204 Epistola,
2032 4128 2104 4185 ut
2147 4145 2207 4206 p.
2258 4124 2385 4185 326
2442 4120 2528 4185 E:
2575 4128 2686 4185 τῶν
