3025 5067
1353 353 1434 415 39

391 561 543 624 tinis
605 560 918 625 discordiis
979 560 1238 624 lacerata
1251 609 1269 637 ‚
1331 558 1791 623 imminentibus
1851 558 2129 623 hostibus
2146 608 2163 636 ,
2217 559 2284 621 in
2327 580 2393 622 re

397 680 637 765 trepida
674 702 780 765 per
807 680 1013 743 literas
1045 678 1273 743 adeunt
1302 678 1621 742 Platonem
1650 678 1973 743 consilium
2004 684 2067 742 et
2096 678 2390 741 auxilium

391 807 694 883 rogantes,
787 797 1028 861 Horum
1085 797 1387 881 rogationi
1445 796 1551 860 ille
1610 797 1723 860 hac
1782 796 2037 882 epistola
2082 796 2389 861 satisfacit.

391 916 565 993 Iam,
613 915 764 1000 quid
794 915 1158 1001 respondet?
1202 915 1280 979 Se
1309 921 1549 999 praesto
1580 914 1703 978 illis
1734 914 1861 979 fore
1876 963 1895 993 ‚
1944 915 1997 977 si
2026 900 2235 979 eodem
2267 915 2391 979 sint

393 1036 596 1099 animo
645 1020 765 1118 quo
810 1034 930 1098 Dio
976 1033 1217 1111 fuisset3
1263 1040 1396 1097 tum
1443 1040 1647 1097 autem
1690 1034 1871 1117 longa
1910 1034 2179 1098 oratione
2210 1056 2389 1098 suum

391 1156 586 1240 ipsius
632 1154 790 1219 vitae
819 1154 1173 1217 institutum
1190 1203 1208 1232 ,
1250 1153 1611 1217 sententiam
1643 1153 1717 1216 de
1746 1153 2060 1238 republica
2073 1202 2092 1231 ,
2137 1152 2394 1237 necessi-

393 1272 672 1337 tudinem
719 1295 857 1337 cum
902 1272 1102 1336 Dione
1147 1278 1209 1336 et
1253 1270 1548 1355 Dionysio
1564 1320 1582 1348 ,
1632 1276 1884 1335 conatus
1932 1270 2009 1335 ad
2047 1270 2389 1335 liberandos

392 1392 798 1477 Syracusanos
845 1398 1115 1469 enarrat3
1177 1391 1325 1455 haec
1386 1391 1591 1455 omnia
1634 1391 1922 1455 nimirum
1968 1391 2062 1456 διὰ
2106 1394 2210 1466 τὴν
2252 1394 2389 1457 ἄτα·

391 1513 532 1577 πίων
591 1513 689 1577 καὶ
742 1511 993 1589 ἀλογίαν
1037 1517 1148 1577 τῶν
1191 1510 1519 1590 λεγομένων
1538 1562 1553 1584 ,
1602 1518 1675 1575 111
1718 1511 1901 1576 falsos
1946 1511 2041 1575 his
2088 1512 2163 1575 de
2206 1512 2387 1576 rebus

386 1652 660 1695 rumores
706 1638 767 1695 et
811 1630 1124 1715 opiniones
1168 1629 1526 1713 redarguat3
1574 1628 1738 1712 quod
1785 1636 1989 1694 autem
2033 1630 2388 1714 primarium

391 1755 520 1812 erat
559 1748 850 1825 officium,
893 1756 966 1811 ut
995 1748 1318 1812 consilium
1347 1746 1519 1811 daret
1547 1747 1924 1831 petentibuS,
1970 1746 2033 1811 id
2066 1748 2383 1832 epistolae,

386 1874 514 1931 tam
561 1868 776 1951 longae
820 1873 890 1931 ut
928 1868 1082 1953 justi
1126 1889 1316 1951 paene
1357 1866 1499 1930 libri
1544 1865 1792 1930 modum
1822 1866 2102 1951 impleat,
2146 1866 2384 1936 duabus

388 1986 627 2070 paginis
659 1986 994 2049 absolvitur
1023 1986 1105 2071 (p.
1141 1988 1266 2048 336
1301 1984 1566 2050 0—337
1603 1984 1697 2069 E).
1746 1983 1915 2065 Quid
1948 1984 2062 2048 hoc
2094 1984 2263 2049 aliud
2294 1992 2387 2049 est

387 2104 510 2167 nisi
553 2104 936 2169 consulentes
983 2102 1270 2168 eludere?
1315 2102 1530 2184 Quid?
1574 2125 1776 2167 nonne
1815 2103 2033 2167 Dionis
2062 2102 2385 2169 familiares

386 2222 454 2286 in
498 2222 767 2307 rogando
813 2223 1064 2287 consilio
1107 2222 1226 2308 ipsi
1264 2224 1391 2307 jam
1435 2222 1909 2300 declaraveram,
1959 2229 2030 2286 ut
2056 2223 2234 2286 initio
2266 2223 2388 2308 epi-

389 2340 581 2405 stolae
625 2342 867 2425 legitur,
916 2364 979 2406 se
1024 2342 1246 2406 habere
1287 2344 1391 2417 τὴν
1434 2343 1617 2416 αὐτὴν
1661 2340 1906 2405 &molar
1941 2337 2006 2418 ἣν
2036 2337 2165 2422 εἶχε
2197 2340 2385 2407 Aleae?

479 2458 598 2524 Sed
641 2460 841 2545 palam
887 2467 978 2524 est
1021 2466 1213 2524 totam
1259 2482 1501 2524 causam
1547 2460 1749 2524 fictam
1802 2482 1948 2524 esse.
2042 2458 2202 2524 Nam
2249 2461 2386 2545 quis

389 2579 596 2643 credat
655 2579 871 2644 Dionis
932 2580 1124 2642 socios
1187 2579 1250 2641 in
1311 2601 1377 2643 re
1440 2585 1699 2663 angusta
1714 2628 1731 2656 ,
1794 2578 1903 2643 ubi
1948 2586 2180 2663 promte
2226 2579 2385 2643 facto

387 2698 594 2783 potius
641 2720 824 2781 quam
867 2705 1102 2761 mature
1141 2696 1420 2761 consulto
1451 2718 1607 2782 opus
1640 2704 1768 2761 erat
1783 2746 1802 2775 ,
1849 2718 2093 2762 vocasse
2124 2698 2384 2762 amicum

387 2816 726 2880 multorum
804 2816 1038 2881 dierum
1118 2816 1334 2880 itinere
1409 2837 1445 2878 a
1521 2838 1584 2879 se
1656 2822 1958 2880 remotum
1973 2865 1992 2894 ‚
2079 2817 2384 2881 hominem

385 2934 916 3020 septuagenarium
934 2984 954 3012 ,
1000 2934 1064 2997 in
1110 2934 1325 2998 umbra
1371 2934 1730 2998 Academiae
1760 2934 2111 3019 degentem,
2159 2942 2231 2999 ut
2260 2958 2384 2999 non

385 3052 586 3119 solum
623 3053 780 3133 λόγῳ
794 3103 813 3132 ,
859 3053 968 3117 'sed
1011 3052 1156 3133 ἔργῳ
1200 3053 1382 3117 vellet
1424 3053 1574 3138 ipsis
1604 3053 1917 3118 κοινωνεῖνΡ
1962 3061 2070 3117 aut
2083 3104 2118 3141 ,U
2137 3055 2189 3118 si
2217 3055 2385 3119 fecis-

383 3180 554 3251 sent,
599 3172 918 3237 Platonem
961 3172 1036 3236 iis
1081 3172 1455 3257 rescripsisse
1492 3172 1676 3263 talem
1707 3172 2026 3257 epistolam
2057 3196 2213 3259 quae
2243 3196 2381 3238 con-

383 3292 653 3357 sulentes
698 3292 980 3376 fatigaret
1024 3290 1229 3377 potius
1275 3312 1458 3375 quam
1503 3290 1763 3355 doceret.
2035 3292 2037 3294 ’

474 3410 803 3492 Quodnam
869 3410 950 3475 sit
1007 3432 1217 3473 verum
1262 3408 1553 3494 epistolae
1596 3410 1973 3494 propositum
1991 3459 2010 3487 ‚
2071 3433 2387 3495 argumen-

335 3538 518 3595 ·tum
575 3529 745 3594 haud
803 3529 1056 3594 obscure
1115 3528 1360 3594 indicat.
1456 3529 1513 3591 A
1572 3528 1871 3613 principio
1936 3529 2012 3591 ad
2074 3529 2254 3594 finem
2312 3530 2378 3594 id

383 3649 588 3732 agitur
602 3698 621 3725 ‚
685 3654 758 3711 ut
816 3647 1172 3712 ostendatur
1185 3697 1204 3725 ,
1267 3646 1462 3730 qualis
1525 3646 1707 3709 fuerit
1768 3646 2041 3711 Platonis
2104 3647 2245 3712 inde
2307 3649 2381 3713 ab

383 3766 792 3831 adolescentia
834 3766 910 3831 de
951 3766 1265 3852 republica
1324 3766 1625 3830 sententia
1668 3773 1732 3830 et
1774 3766 2055 3831 voluntas
2072 3816 2090 3845 ,
2152 3773 2213 3830 et
2258 3789 2380 3851 quo

381 3885 640 3951 consilio
699 3885 914 3963 semel,
970 3885 1220 3963 iterum,
1282 3884 1462 3948 tertio
1477 3934 1497 3963 ,
1558 3885 1671 3948 etsi
1733 3883 1977 3969 grandis
2038 3892 2188 3949 natu
2204 3934 2223 3963 ,
2278 3884 2381 3970 Sy-

379 4026 628 4069 racusas
688 4004 994 4088 profectus
1061 4004 1181 4067 sit:
1258 4003 1545 4067 nimirum
1613 4011 1686 4068 ut
1751 4027 1875 4068 una
1940 4026 2079 4068 cum
2146 4001 2344 4069 Dione
2358 4054 2377 4083 ,

382 4123 659 4208 egregiae
703 4122 924 4187 indolis
971 4121 1378 4201 adolescente,
1426 4130 1745 4187 conaretur
1790 4123 2152 4209 Dionysium
2173 4130 2380 4213 tyran-
