3025 5067
1324 400 1360 458 9

429 602 696 666 Groteus
741 604 806 667 in
853 603 1128 667 Historia
1173 604 1496 684 Graeciae,
1532 605 1639 669 ubi
1670 604 1951 689 Dionysii
1983 611 2043 669 et
2074 604 2348 667 Platonis
2396 654 2401 661 .

333 743 434 783 res
480 729 686 784 narrat
699 772 717 799 ‚
773 722 1080 807 Epistolas
1125 730 1372 787 cunctas
1387 774 1406 802 ,
1453 724 1649 809 prima
1692 730 1935 788 tantum
1982 730 2231 808 excepta
2246 772 2263 799 ‚
2314 745 2349 787 a

333 839 612 904 Platonis
659 864 845 905 manu
891 842 1188 928 profectas
1235 866 1364 907 esse
1410 843 1726 908 contendit
1742 894 1761 921 ,
1797 866 2018 927 easque
2050 843 2349 928 optimum

335 958 527 1022 habet
571 960 798 1023 fontem
847 960 925 1023 ad
968 961 1214 1025 illorum
1245 984 1339 1025 res
1371 961 1839 1047 cognoscendas
1872 963 1919 1046 ¹)
1968 964 2349 1045 Argumenta

335 1078 416 1141 ab
502 1078 680 1141 Astio
739 1079 978 1163 prolata
1037 1080 1112 1143 ad
1174 1104 1380 1146 earum
1440 1082 1623 1145 fidem
1685 1079 2164 1146 labefactandam
2226 1102 2350 1144 non

333 1199 500 1262 tanti
557 1198 842 1284 ponderis
904 1202 1183 1266 aestimat
1196 1252 1214 1280 ,
1279 1209 1352 1266 ut
1409 1202 1717 1266 Ciceronis
1780 1208 1841 1265 et
1885 1200 2204 1265 Plutarchi
2249 1223 2352 1263 au-

269 1386 282 1395 ,
335 1296 685 1383 ctoritatem
730 1320 999 1401 elevent;
1049 1321 1214 1405 quod
1262 1322 1339 1385 ad
1384 1322 1719 1386 orationem
1767 1322 2017 1398 attinet,
2065 1320 2351 1403 iniquum

333 1445 524 1522 putat
567 1439 960 1523 epistolarum
1006 1441 1218 1504 stilum
1263 1441 1521 1525 dialogis
1560 1440 1779 1505 metiri.
1843 1440 1937 1503 De
1967 1439 2115 1524 ipsis
2147 1446 2351 1502 tamen

335 1556 612 1641 epistolis
627 1607 647 1635 ,
695 1558 820 1622 sive
866 1557 1053 1622 dictio
1089 1560 1218 1623 sive
1265 1566 1691 1644 argumentum
1733 1565 2041 1644 spectetur
2056 1608 2075 1635 ,
2132 1578 2349 1641 parum

335 1676 670 1741 honorifice
717 1678 1034 1741 existimat.
1113 1678 1189 1742 In
1236 1678 1679 1743 consuetudine
1726 1684 1788 1742 et
1818 1676 2178 1741 commercio
2210 1699 2352 1740 cum

337 1796 638 1879 Dionysio
692 1795 1012 1861 Platonem
1066 1819 1242 1881 saepe
1287 1796 1735 1882 imprudenter,
1793 1797 1915 1860 imo
1960 1795 2130 1859 fatue
2178 1817 2355 1879 agere

330 1915 359 1999 j
367 1914 610 2011 udicat3
658 1914 966 1979 interdum
996 1917 1319 1999 memoriae
1350 1917 1567 2001 culpae
1597 1916 1840 2001 lapsum
1872 1916 2194 2001 opinatur;
2229 1914 2355 1978 dic-

337 2033 433 2095 tio
479 2040 678 2097 autem
717 2034 771 2097 ei
817 2034 1059 2117 videtur
1106 2034 1381 2099 affectata
1396 2085 1416 2113 ,
1449 2036 1655 2099 fucata
1668 2084 1687 2113 ,
1720 2034 2101 2099 inconcinna.
2127 2034 2179 2117 2)
2239 2033 2355 2097 De-

339 2151 538 2215 fensio
599 2151 896 2236 ejusmodi
955 2161 1047 2217 est
1108 2160 1178 2217 ut
1241 2153 1504 2219 Groteus
1566 2154 1695 2239 ipse
1712 2203 1730 2231 ‚
1779 2154 1831 2217 si
1877 2158 2035 2217 esset
2079 2152 2353 2216 Platonis

340 2271 507 2349 loce,
553 2270 677 2335 tale
721 2274 1128 2356 patrocinium
1144 2324 1162 2352 ,
1210 2274 1456 2360 opinor,
1503 2273 1871 2359 repudiaret.

432 2388 578 2452 Non
639 2396 731 2453 est
785 2412 988 2455 meum
1033 2414 1305 2477 pugnare
1351 2399 1563 2456 contra
1606 2392 1765 2456 viros
1812 2391 2119 2456 doctrinae
2164 2412 2354 2473 aeque

342 2660 436 2723 ΕΡ.
471 2660 594 2709 XIII
627 2660 688 2709 ad
722 2660 1030 2725 Dionysium,
1070 2677 1118 2725 p.
1152 2661 1248 2713 728
1295 2661 1412 2722 (336
1445 2663 1541 2722 A.).
1609 2662 1743 2710 Hanc
1792 2660 1920 2710 enim
1954 2664 2054 2709 tam
2085 2674 2355 2724 germanam

344 2771 467 2812 esse,
491 2771 634 2819 quam
665 2759 847 2805 ceteras
879 2756 1094 2805 Platonis
1126 2756 1354 2821 epistolas
1386 2756 1639 2821 persuadet
1671 2756 1811 2806 nobis
1844 2757 1899 2806 P.
1934 2754 2274 2819 wesselingius
2305 2754 2355 2802 in

341 2850 497 2915 Epist.
529 2851 588 2900 ad
622 2851 927 2901 Venemam.”

414 2946 517 2996 Van
551 2947 772 3006 Heusde,
808 2947 921 2997 Init.
956 2947 1080 2997 Phil.
1116 2947 1243 2997 Plat.
1277 2948 1460 3009 (1831).
1495 2948 1592 2997 vol.
1628 2948 1691 2997 ΙΙ.
1745 2963 1855 3011 pars
1890 2947 1931 2996 Ι.
1965 2961 2013 3011 p.
2052 2945 2162 2997 127.
2215 2945 2355 3004 „Non

345 3042 614 3106 quaerimus
660 3044 749 3093 hoc
795 3043 902 3093 loco
947 3043 1004 3093 de
1043 3043 1286 3108 Epistolae
1319 3045 1409 3105 (Π)
1445 3044 1726 3093 auctoritate
1744 3064 1757 3103 3
1778 3082 1789 3093 .
1811 3080 1823 3092 .
1842 3080 1855 3092 .
1888 3043 1989 3092 sive
2022 3043 2101 3091 cui
2134 3058 2358 3107 germana

351 3138 564 3186 videatur
603 3138 702 3186 sive
735 3138 1064 3201 suppositicia,
1099 3138 1150 3187 id
1183 3154 1323 3188 nemo
1359 3138 1577 3197 dubitat,
1626 3122 1743 3202 quin'
1774 3137 2078 3187 Platonicum
2115 3137 2255 3203 plane
2287 3138 2385 3191 vi·.
2448 3192 2451 3199 ¹

349 3246 457 3281 rum
491 3236 732 3283 auctorem
765 3234 986 3283 habeat.'’
1020 3235 1082 3284 cf.
1117 3251 1164 3299 p.
1202 3235 1294 3285 121
1331 3237 1380 3283 et
1415 3234 1527 3283 128.

411 3328 628 3391 Denique
661 3328 874 3377 Cobetus
905 3329 1016 3379 Var.
1051 3330 1184 3379 Lect.
1215 3345 1264 3394 p.
1301 3330 1392 3379 285
1429 3330 1488 3379 de
1521 3330 1611 3393 ΕΡ.
1647 3328 1742 3378 VII
1778 3345 1931 3393 nuper
1962 3328 2055 3378 hoc
2096 3327 2211 3377 tulit
2228 3327 2355 3391 judi-

347 3423 507 3471 cium:
563 3424 814 3483 „Platonis
859 3424 1010 3491 ipsius
1055 3442 1154 3475 esse
1199 3426 1322 3475 hanc
1367 3425 1619 3491 epistolam
1664 3430 1712 3474 et
1755 3428 2087 3489 argumentum
2135 3430 2185 3475 et
2220 3403 2359 3474 stilus

347 3518 604 3569 clamant.''

418 3614 468 3673 1>
501 3614 676 3673 Grote,
721 3614 848 3664 Hist.
893 3615 950 3664 of
977 3615 1182 3675 Greece,
1223 3616 1323 3665 vol.
1359 3616 1443 3664 XI.
1477 3632 1526 3680 Ρ.
1561 3614 1639 3666 75.
1706 3616 1889 3674 Credo,
1923 3616 1964 3664 si
1998 3615 2252 3680 scriptores
2285 3614 2362 3663 de-

345 3710 522 3774 perditi
555 3710 614 3759 de
646 3710 744 3759 illis
767 3711 1070 3783 ‘temporibus
1102 3712 1379 3776 superstites
1411 3711 1549 3761 nobis
1570 3715 1747 3771 essent,
1782 3712 2015 3761 Groteum
2048 3710 2185 3760 aliter
2216 3712 2361 3759 fuisse

347 3805 671 3870 opinaturum.

417 3902 465 3961 2)
498 3900 572 3949 En
605 3900 756 3964 ipsius
790 3898 947 3950 verba.
995 3901 1269 3966 Reprobata
1302 3901 1428 3950 Astii
1462 3901 1697 3951 sententia
1730 3902 1846 3950 haec
1878 3900 2039 3959 addit,
2075 3900 2171 3949 vol.
2219 3900 2276 3948 X.
2310 3915 2358 3963 p.

345 3998 446 4046 435
493 4000 628 4047 not.:
664 3997 779 4056 „the
813 4013 985 4061 proper
1019 3997 1292 4047 conclusion
1328 3999 1451 4047 from
1486 3998 1561 4047 his
1595 3998 1763 4059 (Ast’s)
1798 3997 2025 4062 premises
2069 4011 2267 4059 appears
2306 4000 2358 4045 to

343 4108 425 4141 me
472 4096 524 4141 to
569 4092 654 4150 he,
705 4092 810 4141 that
855 4080 995 4141 Plato
1043 4096 1192 4141 wrote
1223 4092 1388 4142 letters
1421 4092 1607 4151 which,
1642 4092 1778 4139 when
1812 4090 1935 4140 tr‘ied
1969 4091 2031 4155 by
2063 4106 2151 4139 our
2184 4106 2359 4139 canons

341 4189 495 4239 about
529 4187 888 4253 letterwriting,
925 4202 1051 4236 seem
1085 4187 1316 4237 awkward
1335 4225 1348 4246 ,
1382 4187 1601 4251 pedentic
1633 4187 1727 4236 and
1759 4188 1811 4236 in
1842 4204 1871 4235 a
1902 4186 1994 4235 bad
2027 4184 2201 4235 teste.”
2241 4184 2248 4188 “
