3025 5067
1639 392 1721 452 30

673 593 857 676 idque
904 593 1070 678 brevi
1117 602 1254 678 post
1300 603 1559 660 mortem
1605 596 1857 673 Dionis,
1908 603 1978 659 ut
2024 595 2257 659 efficere
2304 594 2445 659 licet
2491 618 2565 658 ex
2589 594 2687 657 his
2976 611 2978 709 1

674 712 982 795 Epistolae
1045 713 1240 776 verbis
1255 762 1274 791 ,
1333 737 1393 798 p.
1443 717 1572 778 336
1620 714 1701 778 B:
1750 720 1845 779 νῦν
1890 716 1938 777 δ’
1984 715 2127 789 ἦπου
2175 738 2261 785 τις
2310 714 2546 790 Baium.
2575 759 2593 776 .
2622 763 2636 776 .
2671 764 2684 777 .
2976 712 2978 725 ²

673 834 873 895 πάντα
919 834 984 896 τὸ
1029 832 1280 912 δεύτερον
1324 833 1603 913 ὥνέτρεψέ
1647 859 1715 898 τε
1759 834 1857 897 καὶ
1889 833 2189 897 ἀπώλεο-ετ
2225 854 2379 916 quae
2410 831 2487 895 ad
2517 830 2687 895 illius

671 948 916 1013 caedem
963 957 1256 1035 spectant.
1349 950 1577 1015 Rerum
1622 960 1819 1015 status
1848 973 1917 1015 eo
1948 958 2219 1035 tempore
2250 952 2315 1013 in
2346 949 2553 1015 Sicilia
2584 949 2687 1012 hic
2978 929 2980 1049 1

672 1068 809 1131 fuit.
859 1066 1075 1132 Occiso
1099 1068 1299 1134 Dione
1321 1091 1356 1132 a
1379 1068 1663 1155 Callippo
1689 1070 2053 1133 Atheniensi
2077 1071 2154 1152 (a.
2180 1068 2251 1133 G.
2278 1071 2452 1152 353),
2477 1090 2687 1153 respu-

672 1186 831 1250 blica
877 1187 1076 1250 d-enuo
1123 1187 1428 1252 intestinis
1476 1188 1794 1253 discordiis
1826 1188 2205 1253 lacerabatur
2220 1237 2237 1265 ,
2282 1187 2513 1251 civibus
2555 1208 2689 1271 par-

671 1305 782 1369 tim
830 1304 1110 1391 Gallippo
1157 1307 1499 1371 faventibus
1513 1356 1533 1385 ,
1575 1308 1797 1391 partim
1836 1308 2131 1393 populare
2159 1307 2485 1391 imperium
2516 1304 2689 1369 resti-

670 1433 841 1488 tuere
886 1425 1268 1488 conantibus,
1353 1424 1529 1488 Foris
1570 1425 1968 1489 imminebant
2014 1424 2137 1489 duo
2186 1424 2543 1501 adversarii,
2577 1422 2686 1485 Di-

671 1543 917 1625 onysius
965 1551 1288 1627 tyrannm,
1339 1544 1446 1627 qui
1493 1544 1871 1627 aliquamdiu
1918 1543 2180 1607 Thurios
2228 1566 2289 1607 se
2337 1549 2682 1627 receperat,

671 1671 730 1723 et
799 1661 1015 1726 Dionis
1084 1662 1268 1725 frater
1337 1662 1751 1747 HipparinUS‚
1824 1684 2085 1745 quorum
2156 1670 2411 1746 uterque
2468 1661 2685 1725 urbem

671 1805 1016 1866 expugnare
1057 1790 1117 1845 et
1155 1783 1476 1866 tyrannide
1501 1784 1684 1868 potiri
1710 1783 2062 1847 conabatur.
2132 1783 2207 1846 In
2233 1783 2468 1847 difficili
2492 1783 2686 1866 igitur

671 1902 784 1964 hoc
845 1924 1046 1965 rerum
1111 1908 1274 1964 statu
1331 1901 1549 1965 Dionis
1620 1902 1797 1965 amici
1860 1902 1935 1965 ad
1983 1902 2220 1965 consilii
2265 1902 2533 1986 inopiam
2580 1899 2684 1962 ad·
2984 1884 2987 2069 ἱ

670 2020 841 2083 ducti
886 2042 992 2104 per
1036 2019 1242 2083 literas
1288 2020 1731 2084 consuluerunt
1770 2020 2087 2083 Platonem
2110 2070 2124 2095 ‚
2182 2043 2507 2103 quamnam
2539 2020 2682 2083 civi-

668 2140 809 2202 tatis
886 2139 1192 2223 pacandae
1262 2148 1322 2201 et
1390 2139 1761 2223 reipublicae
1822 2138 2192 2208 ordinandae
2248 2140 2404 2203 viam
2463 2139 2680 2202 inituri

667 2264 882 2321 essent.
976 2255 1218 2336 Quibus
1266 2256 1380 2319 hac
1426 2257 1685 2341 epistola
1728 2257 2149 2341 respondetur.
2986 2204 2989 2403 Ι

755 2375 963 2438 Dividi
1026 2382 1225 2460 potest
1287 2375 1543 2459 epistola
1603 2376 1668 2438 in
1729 2383 1849 2439 tres
1912 2382 2146 2460 parteS,
2210 2396 2467 2458 quarum
2529 2374 2681 2437 fines

667 2517 702 2557 a
747 2494 1039 2579 scriptore
1085 2493 1369 2558 distincte
1414 2493 1782 2558 indicantur.
2324 2576 2327 2582 Ι

757 2612 960 2675 Prima
1005 2634 1174 2697 parS,
1224 2636 1283 2697 p.
1320 2614 1445 2675 323
1495 2611 1766 2676 E-330
1802 2611 1880 2690 C,
1916 2614 2185 2675 continet
2218 2610 2677 2695 explicationem

665 2752 984 2794 causarum
1031 2752 1140 2793 cur
1186 2730 1360 2793 Plato
1405 2730 1472 2793 in
1515 2730 1760 2793 Italiam
1808 2738 1868 2795 et
1914 2729 2182 2794 Siciliam
2222 2706 2526 2812 profectus
2559 2728 2672 2804 sit,

2824 2586 2842 2623 Κ
2988 2522 2991 2705 Ι

2840 2640 2847 2661 ἱ

664 2855 726 2912 et
779 2847 1184 2913 narrationem
1231 2848 1410 2932 primi
1457 2834 1519 2911 et
1564 2848 1813 2911 secundi
1859 2848 1989 2912 eius
2038 2848 2332 2911 adventus
2374 2848 2439 2910 in
2472 2847 2674 2910 aulam
2772 2835 2885 2920 4(

667 2968 1120 3051 Dionysiorum.

754 3086 962 3149 Altera
1009 3108 1176 3170 parS,
1226 3108 1285 3169 p.
1336 3088 1462 3149 330
1511 3085 1788 3149 1)--337
1839 3084 1921 3163 Ε,
1979 3094 2249 3148 versatur
2292 3084 2358 3147 in
2404 3084 2673 3148 consiliis
2728 3062 2737 3094 ⁵

665 3203 880 3267 dandis
929 3211 989 3267 et
1033 3203 1097 3266 in
1144 3202 1529 3287 exponendO,
1578 3202 1803 3287 quibus
1849 3202 2188 3265 rationibus
2244 3201 2674 3285 Syracusarum
2710 3164 2722 3290 ξ

663 3323 872 3386 civitas
921 3322 1144 3385 servari
1191 3329 1251 3385 et
1298 3322 1526 3406 optime
1574 3321 1838 3385 ordinari
1886 3322 2095 3406 possit.
2712 3296 2714 3298 ι

751 3440 954 3503 Tertia
1000 3462 1172 3524 pam,
1222 3463 1281 3524 p.
1331 3443 1454 3505 337
1506 3440 1560 3505 Ε
1608 3440 1685 3503 ad
1730 3440 1943 3517 finem,
2007 3441 2071 3503 in
2119 3438 2453 3503 enarranda
2495 3439 2676 3503 tertia
2719 3416 2738 3533 ἶ,

664 3551 1061 3643 profectione
1095 3558 1171 3621 ad
1233 3558 1633 3642 Dionysium,
1698 3559 1761 3622 in
1821 3560 2065 3643 tyranni
2126 3558 2330 3622 indole
2377 3565 2437 3621 et
2480 3559 2674 3643 philo·
2740 3557 2744 3621 ζ

661 3678 907 3762 sophiae
939 3677 1146 3741 studio
1178 3676 1609 3755 describendO,
1655 3685 1715 3741 et
1740 3677 1803 3741 in
1826 3678 2231 3741 memorandis
2256 3677 2494 3742 casibus
2520 3700 2672 3761 quos
2742 3681 2764 3729 ἱ

662 3796 842 3859 Plato
889 3795 975 3858 ibi
1023 3804 1304 3879 expertus
1353 3802 1510 3859 esset
1571 3818 1765 3879 usque
1812 3794 1889 3859 ad
1935 3795 2203 3859 reditum
2250 3796 2316 3858 in
2362 3796 2640 3880 patriam.
2764 3765 2777 3791 Ἤ

747 3914 1140 3997 Singularum
1171 3914 1415 3977 illarum
1448 3914 1713 3998 partium
1746 3921 2174 3998 argumentum
2209 3914 2469 3977 breviter
2493 3936 2669 3999 expo·

662 4056 832 4108 nam,
887 4055 1008 4115 quo
1056 4032 1294 4095 facilius
1341 4033 1420 4095 sit
1465 4034 1657 4095 totius
1707 4032 1995 4116 epistolae
2042 4032 2315 4096 ordinem
2364 4041 2424 4095 et
2468 4056 2669 4096 rerum
2740 4022 2760 4098 ‘z
2836 4017 2925 4111 f
2988 4064 2990 4071 ·

660 4152 1076 4214 tractationem
1118 4151 1409 4235 judicare.
1441 4200 1447 4205 .
2836 4169 2853 4236 ἰ
