3025 5067
1343 390 1422 451 31

457 598 510 662 Ι.
566 599 740 663 Plato
776 596 1104 683 respondet
1142 596 1360 660 Dionis
1401 594 1798 681 propinquis»,
1840 595 2101 659 libenter
2144 617 2207 659 se
2232 594 2386 657 velle

365 718 642 782 societati
685 717 928 781 illorum
978 716 1230 792 ascribi,
1291 716 1342 779 si
1389 714 1646 779 eandem
1692 736 1848 797 quae
1896 713 2113 777 Dionis
2166 713 2385 776 fuisset

364 836 444 900 de
475 835 785 920 republica
839 834 1133 899 haberent
1178 834 1578 911 sententiam3
1627 832 1811 896 huius
1858 832 2049 915 igitur
2080 831 2387 895 sententia

369 960 432 1018 et
513 954 795 1017 voluntas
856 953 1054 1037 qualis
1113 952 1300 1016 fuerit
1339 974 1421 1015 ·se
1497 951 1937 1036 expositurum.
2048 948 2383 1013 Exordium

377 1073 522 1135 facit
581 1095 618 1135 a
675 1095 822 1136 suae
871 1073 1075 1157 ipsius
1137 1072 1297 1135 vitae
1357 1069 1644 1135 instituto
1706 1078 1768 1133 et
1813 1092 2019 1134 cursu.
2112 1068 2267 1132 Inde
2314 1068 2388 1132 ab

379 1190 787 1254 adolescentia
840 1190 1064 1255 ductus
1109 1191 1229 1254 fuit
1275 1188 1480 1254 studio
1526 1212 1621 1253 res
1669 1188 1943 1274 publicas
1990 1188 2345 1274 capessendi
2361 1237 2379 1265 ‚

371 1307 482 1372 sed
539 1310 752 1373 multis
813 1309 1053 1374 casibus
1113 1309 1258 1373 111118
1319 1308 1613 1394 depulsus
1676 1316 1785 1372 est.
1877 1307 2151 1372 Primum
2198 1330 2391 1392 quum

369 1428 627 1511 triginta
671 1429 786 1491 viri
832 1451 1070 1492 summa
1128 1450 1332 1493 rerum
1394 1428 1577 1513 potiti
1636 1427 1963 1490 violentius
2010 1450 2072 1491 88
2118 1434 2393 1511 gererent

375 1553 564 1630 atque
622 1547 824 1631 ipsum
886 1546 1194 1611 Socratem
1253 1547 1314 1609 vi
1375 1547 1731 1631 participem
1775 1545 2027 1610 reddere
2074 1568 2219 1609 suae
2264 1568 2396 1609 cru·

373 1664 644 1729 delitatis
691 1674 1081 1742 conarentur,
1131 1664 1510 1729 abalienatus
1558 1672 1651 1728 est
1696 1688 1730 1728 a
1776 1664 2059 1728 civilibus
2104 1665 2391 1749 negotiiS.

373 1784 494 1847 His
563 1784 830 1869 expulsis
849 1834 868 1861 ‚
939 1806 1132 1868 quum
1213 1806 1348 1869 spes
1411 1784 1796 1848 revivisceret
1859 1784 2129 1848 melioris
2190 1807 2395 1848 rerum

373 1910 573 1966 status
590 1952 607 1980 ,
655 1926 797 1966 mox
844 1886 1052 1966 secuta
1097 1910 1190 1966 est
1233 1903 1465 1987 injusta
1510 1902 1791 1967 Socratis·
1823 1903 2134 1968 damnatio
2150 1953 2168 1981 ‚
2230 1903 2393 1967 unde

372 2022 647 2086 taedium
687 2044 824 2085 eum
865 2023 1026 2107 cepit
1063 1996 1265 2085 rerum
1303 2021 1723 2107 publicarum3
1749 2029 1810 2085 et
1834 2044 1957 2106 quo
1984 2024 2177 2106 magis
2202 2031 2398 2087 aetate

375 2141 871 2225 progrederetur,
937 2162 1007 2205 eo
1068 2141 1308 2225 plenius
1355 2142 1662 2225 perspexit
1708 2140 1857 2205 adeo
1906 2149 2223 2225 corruptos
2270 2165 2398 2205 esse

375 2281 577 2323 mores
623 2269 684 2321 et
729 2258 1142 2344 disciplinam,
1191 2266 1264 2323 ut
1309 2260 1632 2345 pleraeque
1664 2260 1938 2323 civitates
1971 2260 2401 2325 immedicabili

376 2378 592 2442 morbo
655 2377 1033 2456 laborarent3
1104 2378 1337 2442 nullam
1399 2401 1528 2443 esse
1592 2378 1807 2442 salutis
1871 2402 2038 2463 spem
2108 2380 2225 2442 nisi
2294 2388 2402 2443 aut

375 2496 732 2582 philosophi
785 2498 1152 2582 imperarent
1211 2506 1319 2562 aut
1379 2499 1745 2583 imperantes
1804 2498 2398 2583 philosopharentur.

377 2618 466 2700 (p.
518 2618 645 2679 326
695 2618 793 2700 A).

475 2732 607 2798 Hac
667 2742 870 2798 mente
931 2734 1204 2798 Athenas
1265 2735 1533 2819 reliquit.
1627 2735 1943 2800 Profectus
1999 2736 2065 2799 in
2120 2734 2359 2800 Italiam
2382 2786 2399 2813 ,

383 2853 475 2916 ibi
535 2853 821 2917 instituta
881 2861 939 2917 et
1000 2876 1196 2918 mores
1259 2854 1466 2919 eadem
1530 2877 1653 2939 qua
1714 2854 1877 2918 domi
1934 2854 2069 2919 labe
2118 2862 2402 2939 corrupta
2522 2878 2531 2892 ¹

387 2974 672 3057 repperit.
781 2974 963 3038 Forte
1042 2973 1281 3037 delatus
1351 2974 1416 3037 in
1485 2973 1755 3037 Siciliam
1822 2976 1899 3057 (a.
1972 2973 2040 3038 C.
2113 2976 2264 3057 388)
2342 2983 2403 3037 et

393 3092 695 3157 admissus
727 3094 791 3156 in
824 3093 1030 3157 aulam
1060 3094 1366 3178 Dionysii,
1399 3092 1488 3157 ibi
1520 3092 1805 3177 cognovit
1830 3092 2125 3169 Dionem,
2160 3094 2403 3176 tyranni

389 3211 838 3296 propinquum,
903 3211 1346 3275 adolescentem
1407 3211 1651 3295 (viginti
1706 3211 1830 3274 fere
1892 3213 2213 3295 annorum)
2282 3211 2403 3274 acri

387 3331 637 3413 ingenio
653 3379 670 3405 ,
720 3329 976 3393 docilem
993 3378 1012 3407 ,
1060 3329 1401 3393 modestum
1417 3378 1436 3407 ,
1485 3352 1669 3413 quem
1702 3330 1946 3393 virtutis
1981 3337 2043 3392 et
2074 3330 2405 3413 sapientiae

391 3471 594 3513 amore
653 3448 908 3513 imbuit:
971 3449 1080 3532 qui
1141 3448 1214 3512 ab
1278 3449 1393 3513 hoc
1452 3448 1597 3511 inde
1649 3456 1920 3532 tempore
1967 3470 2129 3511 unus
2175 3450 2237 3511 in
2287 3471 2407 3512 me-

391 3567 497 3631 dia
556 3568 729 3630 aulae
789 3567 1065 3631 lubidine
1121 3575 1182 3631 et
1241 3567 1488 3631 lascivia
1542 3568 2006 3652 temperantiam
2055 3573 2115 3630 et
2160 3554 2408 3651 frugali·
2488 3640 2491 3645 ¹

391 3696 584 3750 tatem
653 3687 848 3750 colere
909 3708 1034 3749 non
1081 3685 1337 3750 destitit.
1408 3686 1583 3751 Abiit
1627 3686 1823 3751 Plato.
1899 3685 2155 3770 Aliquot
2202 3696 2405 3751 autem

393 3805 570 3867 annis
616 3812 789 3888 post,
835 3810 1078 3867 mortuo
1123 3804 1420 3888 Dionysio
1468 3822 1548 3887 (a.
1599 3808 1784 3889 367),
1834 3806 1908 3869 ab
1952 3806 2133 3870 huius
2175 3827 2411 3868 sucees-

393 3944 529 3986 sore
591 3922 885 4005 Dionysio
950 3924 1214 4001 minore,
1263 3923 1481 3987 Dionis
1529 3923 1810 4001 hortatu,
1859 3926 2151 3989 invitatus
2200 3933 2291 3987 est
2335 3934 2407 3988 ut

391 4063 607 4105 rursus
642 4039 898 4104 Athenis
945 4041 1271 4125 Syracusas
1303 4042 1553 4105 veniret.
1618 4040 1706 4105 Re
1736 4043 2004 4106 multum
2036 4042 2402 4120 deliberata,

283 4152 296 4163 ⁸
391 4158 678 4234 tandem,
728 4161 839 4222 etsi
885 4160 1382 4243 tergiversanter,
1431 4162 1612 4225 cessit
1658 4162 1989 4226 amicorum
2036 4161 2313 4246 precibus
2348 4169 2407 4225 et
