3025 5067
1647 419 1727 481 52

681 624 955 707 quaesita
989 623 1336 709 polyptota:
1383 624 1481 689 τὸν
1524 624 1678 690 τότε.
1702 663 1793 675 -
1838 629 1949 689 τῶν
1995 623 2129 689 τότε
2143 673 2162 707 ,
2211 622 2548 705 φευγόντων
2593 622 2692 703 φί-

675 757 790 807 λων
818 780 910 790 --
937 742 1256 825 φεύγοντες
1288 742 1474 808 αὐτοί.
1522 742 1905 807 Postremum
1952 743 2069 807 hoc
2112 740 2363 806 verbum
2408 742 2693 804 iteratum

677 867 768 925 est
813 867 1045 925 mutata
1083 862 1562 947 significatione:
1611 860 1714 926 ἕνα
1766 868 1879 927 τῶν
1926 862 2263 945 φευγόντων
2308 860 2496 942 φίλων
2543 859 2693 924 dicit

673 1002 863 1044 unum
909 1002 982 1044 ex
1026 982 1312 1045 accusatis
1325 1030 1344 1059 ,
1392 957 1687 1045 Leontem
1734 979 2134 1051 Salaminium
2149 1029 2168 1058 ,
2202 1002 2342 1044 eum
2374 1001 2555 1063 quem
2586 978 2692 1041 So-

673 1105 862 1163 crates
909 1121 944 1162 a
988 1099 1256 1184 tyrannis
1294 1101 1504 1185 jussus
1550 1109 1679 1164 erat
1728 1101 1990 1178 οὲγαγεῖν
2029 1102 2107 1172 εἷς
2144 1102 2247 1174 τὴν
2284 1098 2441 1163 θόλον
2480 1097 2685 1183 (Apol.

674 1240 735 1303 p.
783 1220 866 1281 32
909 1216 1003 1303 C.)
1017 1244 1037 1296 ς
1080 1218 1176 1283 ὅτε
1219 1218 1542 1301 φεύγοντες
1588 1217 1940 1300 ἐδυστύχουν
1986 1218 2152 1283 αὐτοὶ
2207 1225 2353 1281 sunt
2398 1218 2506 1301 qui
2550 1224 2685 1281 tum

673 1338 895 1405 exsules
939 1343 1126 1401 erant.
1218 1336 1408 1400 Plena
1452 1344 1544 1401 est
1594 1336 1847 1423 epistola
1876 1336 2229 1401 huiusmodi
2259 1336 2576 1400 rhetorum
2621 1336 2688 1398 fi-

673 1454 839 1540 guris
909 1462 970 1519 et
1024 1455 1310 1519 flosculis,
1386 1454 1752 1541 Exemplum
1820 1454 1965 1519 huic
2012 1456 2157 1519 satis
2222 1454 2415 1519 simile
2459 1454 2687 1539 legitur

672 1595 732 1657 p.
783 1572 909 1636 351
958 1572 1052 1636 D:
1098 1572 1580 1651 διευλαβούμενος
1626 1573 1684 1637 δὲ
1706 1574 1791 1650 μὴ
1821 1573 2099 1648 παθεῖν,
2125 1569 2277 1652 ὅμως
2300 1572 2607 1638 ἔπταισεν.
2630 1623 2681 1639 ..

671 1690 1080 1768 θαυμαστὸν
1121 1693 1346 1757 παθὼν
1391 1692 1622 1757 οὐδέν·
1669 1688 1813 1763 ὅσιος
1857 1691 1978 1771 γὰρ
1999 1692 2138 1772 ἀνὴρ
2175 1670 2466 1757 οἰνοσίων
2497 1691 2679 1773 πὲρι,

667 1809 956 1893 σώφρων
999 1835 1066 1875 τε
1110 1809 1208 1875 καὶ
1270 1808 1590 1893 ἔμφρων,
1658 1809 1725 1875 τὸ
1786 1810 1893 1887 μὲν
1936 1808 2061 1875 ὅλον
2107 1812 2208 1874 οὐκ
2246 1806 2319 1873 ἄν
2356 1833 2500 1874 ποτε
2560 1810 2685 1874 δια-

666 1926 936 2006 ψευσθείη
997 1935 1103 2003 τῆς
1162 1933 1366 2009 ψυχῆς
1427 1933 1539 1992 τῶν
1597 1926 1934 1993 τοιούτων
1986 1925 2178 2007 πέρι,
2234 1926 2579 2007 κυβερνήτου
2624 1926 2684 1991 δὲ

667 2046 894 2121 ἀγαθοῦ
940 2044 1157 2117 πάθος
1201 2043 1275 2110 ἂν
1318 2044 1450 2118 ἴσως
1498 2047 1573 2111 οὐ
1618 2044 2029 2123 θαυμαστὸν
2073 2046 2132 2109 εἰ
2177 2044 2384 2109 aedom
2430 2046 2577 2109 κτέ.

757 2160 933 2243 Quae
979 2162 1157 2227 attuli
1204 2164 1348 2227 satis
1396 2162 1760 2241 ostendunt,
1810 2169 2185 2247 quantopere
2215 2162 2463 2226 initium
2494 2162 2679 2248 hujus

670 2280 962 2367 epistolae
1006 2304 1043 2345 a
1088 2280 1402 2346 Platonica
1449 2281 1695 2346 dicendi
1742 2281 2040 2366 elegantia
2086 2288 2146 2345 et
2186 2281 2445 2345 sanitate
2476 2280 2677 2345 distet.

667 2399 1025 2464 Rhetoricae
1084 2402 1356 2485 argutiae
1371 2450 1390 2479 ‚
1455 2400 1656 2465 inanis
1717 2400 2039 2465 verborum
2092 2399 2499 2464 redundantia
2514 2449 2533 2479 ,
2581 2423 2682 2486 pe·

666 2518 824 2583 riodi
889 2518 1046 2583 male
1115 2519 1480 2605 compositae
1495 2569 1515 2597 ,
1587 2518 1769 2584 verba
1834 2518 2166 2603 impropria
2234 2526 2338 2583 aut
2398 2518 2678 2583 insolita:

667 2637 947 2701 omnibus
1003 2637 1356 2703 huiusmodi
1403 2637 1569 2701 vitiis
1614 2643 1846 2702 scatent
1892 2659 2046 2721 quos
2094 2638 2489 2702 tractavimus
2535 2637 2681 2701 loci.
2754 2710 2761 2717 ,

753 2872 926 2955 Quae
989 2874 1056 2939 in
1099 2874 1491 2959 sequentibus
1537 2872 1713 2939 Plato
1759 2874 1836 2939 de
1880 2897 1944 2939 se
1988 2874 2115 2961 ipse
2159 2873 2400 2954 scribit,
2460 2873 2537 2939 de
2582 2896 2677 2938 co-

664 2993 1077 3077 gitationibus.
1116 2994 1242 3058 suis
1304 3001 1366 3058 et
1426 2993 1693 3058 consih'is
1738 2993 1815 3057 de
1858 2993 2170 3080 republica
2183 3041 2202 3071 ,
2252 2992 2328 3057 de
2372 2993 2569 3079 primo
2617 3002 2677 3056 et

665 3111 855 3176 altero
914 3112 1131 3177 itinere
1191 3113 1258 3177 in
1315 3112 1560 3177 Italiam
1622 3119 1685 3177 et
1744 3110 2013 3178 Siciliam
2027 3162 2046 3190 ,
2112 3111 2187 3176 de
2233 3111 2675 3176 consuetudine

666 3252 779 3294 sua
837 3252 976 3295 cum
1019 3229 1221 3295 Dione
1279 3238 1341 3296 et
1385 3230 1681 3316 Dionysio
1697 3280 1716 3309 ‚
1767 3230 1842 3294 de
1890 3230 2126 3295 casibus
2172 3229 2313 3314 qui,
2360 3228 2562 3293 Dione
2606 3228 2671 3294 in

665 3348 942 3414 exsilium
972 3349 1183 3427 misso,
1231 3349 1346 3435 ipsi
1390 3349 1455 3413 in
1502 3350 1643 3414 aula
1678 3349 1958 3434 Dionysii
1998 3348 2243 3433 degenti
2287 3347 2667 3433 obtigerunt,

663 3488 734 3531 ea
777 3467 1041 3551 primum
1100 3467 1443 3554 inspicienti
1487 3468 1742 3533 forsitan
1788 3468 2082 3553 gravitate
2128 3468 2565 3532 sententiarum
2614 3474 2672 3532 et

660 3584 979 3649 verborum
1010 3585 1260 3650 flumine
1291 3608 1360 3651 ac
1389 3587 1588 3651 nitore
1635 3585 2056 3651 commendare
2086 3608 2149 3650 se
2178 3584 2498 3650 videantur
2511 3634 2530 3664 ,
2564 3586 2671 3670 qui

660 3724 802 3767 vero
851 3703 1138 3768 attentius
1176 3702 1394 3789 legerit
1407 3755 1427 3783 ,
1476 3704 1768 3769 continuo
1814 3704 2036 3768 sentiet
2065 3726 2135 3768 ea
2162 3725 2288 3768 non
2318 3726 2669 3788 germanum

658 3818 1006 3887 Platonicae
1044 3822 1325 3888 dictionis
1373 3822 1664 3901 colorem,
1713 3822 1819 3887 sed
1864 3822 2128 3887 fucatam
2164 3822 2364 3908 potius
2410 3794 2677 3908 speciem⁴

657 3938 897 4003 referre.
958 3938 1162 4004 Lubet
1199 3940 1458 4027 exempli
1499 3940 1695 4026 gratia
1732 3939 2062 4004 nonnullos
2109 3932 2423 4026 excerpere
2466 3940 2631 4005 locos
2645 3990 2663 4018 ,

659 4055 882 4141 quibus
925 4054 1042 4121 hoc
1079 4057 1378 4144 judicium
1422 4060 1824 4124 confirmetur.

613 4204 653 4215 τ
726 4172 892 4260 flag.
934 4176 1058 4241 32⁷
1109 4174 1162 4238 B
1192 4174 1404 4240 laudat
1434 4174 1697 4241 Dionem
1730 4174 2201 4252 adolescentem,
2243 4173 2439 4258 quod,
2474 4175 2657 4239 simu-
