3025 5067
1640 377 1759 436 130

699 605 792 655 νης
829 581 1240 658 μετ-πέμπετ’
1271 580 1408 658 ἐμὲ,
1456 580 1652 645 Δίωνα
1696 581 2014 660 δ’ἐπισχεῖν
2060 581 2143 645 ἔτι
2188 581 2436 645 ἐνιαυτὸν
2481 566 2655 643 ἐδεῖτο
2676 627 2697 654 ,

699 699 802 774 ἐμὲ
831 700 878 762 δ’
909 697 1056 774 ἥκειν
1086 701 1149 762 ἐκ
1179 698 1396 770 παντὸς
1426 699 1635 780 τρόπου
1669 697 1840 774 ἠξίου.
1883 697 1975 762 Cf.
2002 698 2114 783 Ep.
2142 697 2263 777 ΠΙ,
2289 722 2348 783 p.
2375 701 2499 763 317
2530 699 2587 760 A
2611 697 2693 760 B:

699 816 764 881 τὸ
809 817 865 880 δὲ
909 816 1184 898 δεύτερον,
1221 817 1430 894 εἰρήνης
1478 816 1783 893 γενομένης
1804 865 1818 889 ,
1873 815 2099 888 ἐκάλεις
2146 842 2223 894 με
2268 819 2331 880 οὐ
2376 817 2536 880 κατὰ
2585 817 2697 886 τὰς
2770 843 2773 845 “

699 935 1011 1012 ὁμολογίαις
1024 978 1046 1010 ι,
1093 935 1258 999 ἀλλὰ
1305 935 1468 1012 μόνον
1522 933 1669 1008 ἥκειν
1713 933 2061 1005 ἐπέστελλες
2077 985 2096 1010 ,
2146 935 2340 1000 Δίωνα
2382 935 2429 996 δ’
2452 934 2699 1005 εἰσαῦθις

700 1052 925 1135 ἔφησθα
980 1055 1533 1132 μεταπέμψασθαι·
1595 1053 1689 1118 διὰ
1747 1057 1927 1118 ταῦτ’
1985 1057 2083 1118 οὐκ
2142 1050 2333 1131 ἦλθον,
2386 1054 2552 1118 ἀλλὰ
2596 1055 2697 1117 καὶ

703 1171 870 1236 Δίωνι
935 1171 1057 1236 τότ’
1101 1172 1450 1251 ἀπηχθόμην
1468 1224 1485 1246 ,
1549 1171 1685 1253 ᾤετο
1744 1172 1860 1251 γὰρ
1906 1168 2046 1236 εἶναι
2090 1173 2320 1248 βέλτιον
2364 1174 2547 1237 ἐλθεῖν
2595 1173 2700 1249 ἐμὲ

699 1285 797 1352 καὶ
844 1289 1170 1353 ὑπακοῦσαί
1204 1312 1324 1353 σοι.
1369 1289 1436 1355 τὸ
1483 1289 1543 1352 δὲ
1581 1290 1741 1367 μετὰ
1770 1292 1932 1354 ταῦθ’
1964 1289 2185 1369 ὕστερον
2217 1292 2449 1371 ἐνιαυτῷ
2482 1293 2701 1372 τριήρης

699 1408 946 1488 ἀφίκετο
996 1406 1093 1470 καὶ
1144 1408 1446 1472 ἐπιστολαὶ
1511 1409 1675 1488 παρὰ
1740 1415 1840 1472 σοῦ
1899 1409 2013 1473 κτέ.
2104 1408 2278 1472 Plato
2324 1409 2543 1492 igitur,
2591 1409 2703 1470 diu

700 1525 1123 1608 tergiversatus
1142 1575 1160 1603 ,
1201 1524 1443 1588 tandem
1477 1548 1635 1590 anno
1682 1526 1881 1610 elapso
1928 1526 2172 1610 (ὕστερον
2213 1529 2497 1610 ἐνιαυτῷ),
2530 1549 2705 1589 oran-

699 1644 864 1707 tibus
911 1653 972 1707 et
1022 1645 1407 1708 hortantibus
1457 1646 1699 1723 amici5‚
1748 1647 2050 1710 triremem
2096 1669 2131 1709 a
2174 1646 2467 1730 Dionysio
2515 1645 2705 1708 Athe-

699 1785 807 1825 nas
885 1763 1127 1827 missam
1206 1764 1560 1827 conscendit
1630 1770 1689 1826 et
1750 1765 1929 1827 tertio
1992 1763 2313 1848 Syracusas
2373 1765 2700 1847 navigavit.

699 1881 800 1945 Ibi
845 1903 1035 1964 quum
1081 1889 1408 1966 tyrannum
1438 1883 1827 1946 reconciliare
1860 1883 2044 1946 Dioni
2075 1884 2299 1946 frustra
2329 1883 2699 1970 studuisset,

706 1998 1078 2082 aliquamdiu
1142 2023 1177 2062 a
1230 1999 1523 2084 Dionysio
1570 2007 1840 2064 retentus
1902 2008 1963 2063 et
2016 2000 2249 2078 elusuS,
2298 2001 2541 2064 tandem
2588 2001 2701 2063 Ar-

705 2117 918 2201 chytae
975 2119 1399 2181 intercessione
1445 2118 1732 2181 dimissus
1779 2127 1886 2183 est.
1979 2119 2131 2182 Inde
2176 2119 2367 2182 redux
2412 2120 2471 2182 in
2521 2119 2706 2182 Grae-

705 2235 857 2300 ciam
909 2235 1072 2299 ludis
1122 2235 1422 2320 Olympiis
1477 2239 1760 2300 convenit
1804 2236 2093 2315 Dionem,
2139 2237 2368 2301 bellum
2416 2237 2701 2300 adversus

702 2351 1063 2437 Dionysium
1109 2353 1478 2418 molientem.
1516 2357 1557 2438 Ι)
1624 2353 1782 2417 Sunt
1828 2355 1894 2417 hi
1938 2354 2069 2417 ludi
2114 2355 2380 2419 ineuntis
2412 2353 2509 2418 Ol.
2548 2358 2699 2431 105,

703 2470 1000 2554 siquidem
1057 2477 1196 2534 ante
1240 2472 1486 2535 initium
1532 2473 1837 2556 proximae
1884 2471 2259 2556 Olympiadis
2306 2472 2423 2535 Dio
2470 2472 2699 2537 bellum

704 2588 852 2650 tulit
916 2589 980 2651 in
1043 2588 1328 2653 Siciliam.
1437 2589 1594 2652 Cum
1670 2612 1792 2673 quo
1870 2600 2138 2674 tempore
2212 2591 2475 2654 concinit
2537 2591 2705 2674 quod

702 2706 1069 2770 Plutarchus
1086 2758 1107 2785 ,
1153 2708 1337 2772 Dion.
1385 2730 1436 2770 c.
1491 2711 1569 2770 19
1589 2757 1607 2785 ,
1655 2716 1893 2786 narrat,
1943 2731 2131 2792 quum
2172 2708 2350 2772 Plato
2379 2708 2701 2793 Syracusas

701 2825 989 2903 venisset,
1036 2824 1424 2903 Heliconem,
1460 2849 1649 2889 unum
1684 2849 1756 2888 ex
1788 2827 1917 2888 eius
1952 2826 2374 2904 familiaribuS‚
2424 2828 2702 2890 defectio-

702 2963 838 3004 nem
884 2941 1028 3004 solis
1073 2942 1467 3026 praedixisse,
1518 2965 1673 3026 quae
1720 2965 1857 3005 mox
1888 2950 2209 3006 consecuta
2244 2951 2351 3006 est.
2422 2943 2695 3007 Defectio

702 3060 818 3122 ista
863 3059 1026 3122 cadit
1069 3060 1134 3123 in
1172 3059 1270 3123 Ol.
1309 3063 1468 3139 104,
1503 3063 1576 3137 4,
1625 3083 1677 3123 a.
1714 3084 1773 3124 a.
1807 3059 1876 3124 C.
1912 3063 2068 3139 361,
2113 3083 2302 3144 quum
2334 3060 2509 3124 Plato
2542 3071 2699 3124 esset

697 3179 824 3264 jam
875 3172 1063 3262 paene
1108 3179 1625 3263 septuagenarius,
1652 3179 1699 3263 2)
1789 3178 1887 3242 Sic
1929 3179 2179 3262 'quidem
2224 3181 2512 3244 itinerum
2553 3187 2703 3242 tem-

705 3318 852 3380 pora
896 3296 960 3359 in
1008 3296 1264 3380 epistola
1308 3295 1574 3360 indicata
1618 3318 1758 3360 cum
1791 3297 2005 3360 ceteris
2036 3296 2277 3360 indiciis
2310 3297 2696 3360 conveniunt.

789 3414 930 3478 Tria
958 3413 1066 3477 illa
1095 3414 1367 3478 Platonis
1412 3415 1633 3478 itinera
1673 3414 1883 3478 ordine
1918 3424 2460 3479 commemorantur
2490 3439 2525 3479 a
2552 3415 2698 3478 Dio-

597 3518 600 3520 *
703 3553 852 3615 gene
895 3531 1174 3609 Laertie,
1223 3533 1330 3597 lib.
1377 3531 1508 3610 ΠΙ,
1555 3535 1589 3617 ξ
1639 3535 1927 3596 18—23:
1977 3535 2115 3614 Τρῖζτ
2157 3535 2214 3598 δὲ
2259 3534 2579 3598 πέπλευκεν
2618 3535 2697 3605 εἷς

769 3861 818 3921 1)
852 3859 923 3908 Ι)6
967 3863 1206 3908 conventu
1253 3859 1343 3909 hoc
1389 3865 1442 3909 ut
1485 3861 1779 3909 memorabili
1831 3861 1954 3908 sacto
1999 3859 2189 3909 disertis
2224 3862 2378 3911 verbis
2410 3864 2697 3913 mentionem

707 3955 822 4004 fecit
853 3955 1094 4005 Neanthea
1128 3955 1413 4020 Cyzicenus,
1448 3957 1573 4020 apud
1605 3955 1872 4013 Laenium,
1913 3957 2019 4014 ΙΙΙ,
2057 3955 2135 4006 25.

765 4049 817 4110 2)
851 4049 1014 4098 Barth.
1051 4049 1170 4112 Voy.
1203 4050 1267 4098 du
1296 4049 1438 4112 jeuuc
1471 4051 1653 4101 Anach.
1688 4051 1822 4114 chap.
1858 4051 1919 4098 33
1955 4056 2089 4110 note,
2124 4051 2205 4114 qui
2229 4052 2469 4115 redarguit
2488 4059 2697 4101 ¹errorem

702 4143 906 4194 Coruini.
