3025 5067
1644 410 1731 471 34

687 613 984 698 potuisset
998 663 1016 692 ,
1064 613 1268 677 faciles
1313 635 1488 676 aures
1534 614 1817 698 praebuit
1862 612 2335 678 assentatoribus
2349 661 2369 689 ,
2418 633 2679 695 quorum

685 730 1090 796 delationibus
1156 732 1386 795 factum
1452 755 1581 795 esse
1595 782 1613 810 ‚
1670 740 1743 797 ut
1812 733 1933 798 Dio
1988 755 2019 796 e
2072 732 2269 818 patria
2319 730 2644 816 pelleretur
2658 778 2678 807 ,

685 850 862 914 Plato
905 850 1116 914 multis
1155 850 1448 914 molestiis
1479 850 1738 915 afflictus
1769 874 1834 915 re
1866 851 2089 915 infecta
2119 849 2351 914 abierit.
2399 852 2485 912 At
2514 848 2683 912 brevi

686 968 1050 1053 Dionysium
1092 968 1391 1033 factorum
1435 970 1757 1053 poenituit.
1827 970 1947 1034 Dio
1994 969 2154 1033 enim
2198 968 2388 1052 copiis
2432 990 2465 1030 e
2509 964 2682 1030 Pelo—

682 1110 951 1172 ponneso
1011 1087 1290 1151 adductis
1335 1088 1513 1152 illum
1561 1111 1881 1173 aggressus
1938 1088 2033 1153 bis
2079 1086 2357 1152 liberavit
2400 1086 2677 1171 patriam.

683 1204 801 1269 Sed
844 1206 1060 1269 Dionis
1105 1206 1394 1271 beneficio
1438 1205 1727 1291 indignos
1766 1230 1830 1271 se
1860 1207 2270 1292 praebuerunt
2299 1203 2676 1289 Syracusani.

680 1323 855 1405 Quae
900 1323 1117 1389 deinde
1163 1332 1371 1389 secuta
1401 1332 1547 1388 sunt
1563 1374 1582 1403 ‚
1630 1325 1809 1410 plane
1839 1325 2224 1406 δημηγορικῶς
2255 1330 2677 1408 exponuntur:

677 1438 784 1508 οἷον
843 1444 961 1523 γαρ
1019 1443 1258 1521 γέγονεν
1271 1493 1290 1521 ,
1353 1445 1597 1509 οἰκοῦσαι
1654 1445 1771 1525 χρὴ
1826 1444 1958 1516 τοὺς
2016 1445 2139 1522 ἐμὲ
2188 1447 2677 1523 παρακαλοῦντας

677 1563 813 1644 πρὸς
857 1563 938 1628 τα
977 1569 1070 1628 νῦν
1106 1563 1447 1644 πράγματα
1484 1565 1567 1648 (p.
1602 1564 1728 1626 333
1756 1562 1856 1649 Ο),
1890 1570 1950 1627 et
1980 1562 2189 1627 eodem
2218 1569 2425 1625 tenore
2457 1567 2673 1624 cetera.

678 1681 903 1746 Narrat
961 1681 1221 1746 Dionem
1277 1704 1312 1744 a
1373 1680 1615 1745 duobus
1660 1681 1945 1745 fratribus
1961 1731 1979 1759 ,
2029 1681 2311 1766 profectis
2358 1702 2495 1744 cum
2542 1680 2676 1763 ipso

678 1800 935 1863 Athenis
983 1799 1058 1863 ad
1087 1799 1430 1865 liberandos
1463 1800 1872 1885 Syracusanos
1888 1850 1907 1878 ‚
1946 1799 2315 1864 trucidatum
2347 1822 2493 1863 esse.
2556 1796 2677 1861 Ne-

675 1919 895 1983 farium
941 1919 1056 1983 hoc
1101 1918 1296 1983 scelus
1312 1967 1331 1996 ,
1386 1919 1688 2003 flagitiosa
1731 1920 2017 1983 iuvenum
2067 1918 2530 1982 Atheniensium
2576 1916 2675 1980 ad-

674 2061 880 2103 versus
932 2038 1192 2102 amicum
1232 2038 1508 2124 perfidia,
1555 2038 2037 2123 indignationem
2080 2045 2283 2101 movet
2328 2037 2635 2121 scriptoris
2656 2085 2674 2112 ,

675 2157 812 2240 qui,
858 2156 981 2223 tale
1009 2155 1244 2219 facinus
1274 2179 1352 2220 ne
1381 2157 1662 2221 universo
1694 2156 2161 2220 Atheniensium
2192 2154 2422 2241 populo'
2454 2154 2674 2239 probro

675 2281 946 2339 vertatur
955 2270 996 2352 ,⁴
1006 2274 1218 2361 objicit
1254 2298 1318 2339 se
1360 2297 1605 2360 quoque
1646 2297 1775 2339 esse
1809 2276 1999 2339 civem
2023 2274 2481 2339 Atheniensem:
2514 2273 2673 2355 φημὶ

567 2392 574 2399 ’
673 2396 791 2475 γαρ
835 2396 1088 2460 κάκεῖνον
1129 2396 1420 2470 Ἀθηναῖον
1463 2391 1606 2461 εἶναι
1642 2392 1701 2467 ὃς
1746 2396 1809 2459 οὖ
1854 2393 2137 2474 προῦδωκε
2182 2393 2279 2459 τὸν
2325 2392 2497 2457 αὑτὸν
2539 2397 2666 2457 τοῦ·

670 2537 765 2578 τον
811 2513 1079 2598 (Δίωνα),
1125 2511 1247 2589 ἐξὸν
1289 2514 1585 2594 χρήματα
1627 2515 1725 2579 καὶ
1772 2511 1969 2585 ἄλλοις
2016 2511 2196 2590 τιμὰς
2242 2512 2471 2583 πολλὰς
2509 2526 2667 2587 λαμ-

670 2632 892 2710 βαίνειν,
941 2655 999 2717 p.
1049 2633 1178 2694 334
1224 2630 1296 2695 Β.
1343 2630 1502 2695 Tum
1554 2630 1851 2709 ostendit,
1900 2630 2208 2715 quodnam
2238 2631 2318 2693 sit
2347 2630 2671 2693 discrimen

671 2749 830 2813 inter
863 2750 966 2823 τὴν
1003 2749 1299 2828 ἐλευθέρας
1342 2748 1608 2823 παιδείας
1640 2749 1947 2828 κοινωνίαν,
1980 2749 2042 2813 h.
2069 2772 2120 2814 e.
2155 2750 2481 2813 amicitiam
2511 2769 2670 2811 com—

670 2868 842 2931 muni
883 2866 1302 2952 philosophiae
1335 2867 1510 2946 cultu
1541 2868 1865 2932 conflatam
1878 2917 1897 2946 ‚
1946 2876 2129 2952 atque
2158 2868 2471 2953 vulgarem
2500 2867 2669 2931 illam

671 2993 734 3049 et
775 2983 1069 3063 βάναυσον
1112 2984 1428 3068 φιλότητα.

757 3102 1067 3184 Quorsum
1111 3104 1260 3167 haee
1304 3103 1552 3168 omnia?
1580 3104 1659 3167 Id
1688 3127 1765 3169 ne
1796 3104 1933 3189 quis
1966 3112 2216 3188 quaerat
2231 3154 2249 3181 ,
2282 3103 2454 3168 addit
2483 3105 2670 3189 scrip-

667 3228 797 3299 tor,
845 3245 904 3306 p.
954 3223 1083 3285 334
1130 3219 1213 3285 G:
1261 3226 1435 3287 ταῦτ’
1479 3221 1693 3302 εἴρηται
1739 3222 1943 3287 πάντα
1986 3232 2091 3298 τῆς
2136 3221 2473 3300 ξυμβουλῆς
2497 3223 2664 3289 ἕνεκα

667 3345 776 3403 τῶν
838 3342 1111 3405 Διωνείων
1174 3341 1364 3422 φίλων
1424 3340 1523 3405 καὶ
1583 3339 1900 3419 ξυγγενῶν.
1983 3340 2221 3405 Deinde
2281 3340 2495 3405 suadet
2553 3342 2629 3405 iis
2646 3391 2663 3419 ,

668 3457 834 3541 quod
892 3458 1054 3523 idem
1093 3460 1220 3545 jam
1267 3459 1500 3544 pridem
1545 3458 1843 3544 Dionysio
1858 3508 1877 3539 ,
1926 3466 2060 3523 tum
2104 3459 2294 3524 Dioni
2339 3460 2661 3538 suasisset,

665 3578 748 3651 μὴ
807 3576 1136 3642 δουλοῦσθαι
1207 3579 1481 3643 Σικελίαν
1532 3578 1629 3642 ὑπ’
1673 3578 1970 3657 ἀνθρώποις
2016 3577 2400 3650 δεσπόταις..
2427 3630 2441 3643 .
2467 3630 2480 3642 .
2525 3579 2665 3644 ἀλλ’

665 3694 773 3759 ὑπὸ
843 3694 1054 3779 νόμοις,
1118 3718 1197 3760 ne
1257 3695 1466 3760 Sicilia
1524 3695 1881 3780 subjiciatur
1925 3695 2242 3760 hominum
2290 3696 2663 3775 dominatui,

666 3811 774 3877 sed
818 3812 1042 3897 legum.
1105 3813 1303 3891 Haec,
1349 3814 1553 3898 inquit
1568 3864 1587 3891 ,
1636 3813 1864 3878 ibidem
1910 3814 1968 3877 D
1984 3864 2003 3893 ,
2049 3820 2248 3880 ταῦτα
2292 3822 2507 3897 πρῶτον
2558 3818 2663 3895 μέν

664 3932 858 3996 Δίωνα
915 3934 1030 4010 ἐγὼ
1088 3933 1442 4014 ἐπεχείρησα
1495 3934 1738 4007 πείθειν,
1784 3934 2035 4014 δεύτερον
2080 3934 2140 3997 δὲ
2185 3934 2467 4000 Διονύσιον
2483 3984 2499 4011 ,
2547 3936 2663 4017 τρί-

660 4073 790 4122 τους
830 4050 890 4115 δὲ
921 4051 1076 4130 ὑμᾶς
1106 4058 1202 4117 νῦν
1223 4074 1238 4089 ·
1286 4052 1391 4116 καί
1433 4074 1528 4129 μοι
1574 4050 1828 4116 πείθεσθε
1874 4051 2009 4124 Διὸς
2054 4052 2241 4130 τρίτου
2271 4062 2517 4132 σωτῆρος
2538 4055 2660 4134 χοὶ-

659 4190 772 4249 ριν,
819 4164 952 4233 εἶτα
988 4170 1066 4241 εἰς
1113 4169 1399 4235 Διονύσιον
1442 4168 1781 4247 βλέψαντες
1828 4168 1924 4233 καὶ
1975 4168 2196 4250 Δίωνα,
2246 4166 2316 4234 ὧν
2362 4174 2389 4237 o‘
2438 4173 2543 4250 μὲν
2572 4176 2657 4251 μὴ
