3025 5067
1605 412 1687 473 90

649 616 738 678 Ut
783 616 1215 694 concedamuS,
1271 618 1371 680 cui
1417 618 1571 682 nihil
1616 618 1851 696 obstat,
1900 617 2215 681 Platonem
2262 618 2326 695 in
2373 616 2653 701 epistolis

652 734 728 797 ad
771 735 1092 800 familiares
1137 735 1398 799 formula
1441 734 1504 801 εὖ
1549 737 1822 817 πράττειν
1868 759 2046 801 usum
2095 756 2256 813 esse,
2304 735 2404 799 cui
2446 742 2657 799 tamen

651 875 772 916 non
820 853 1127 917 inficetum
1173 861 1232 917 et
1277 854 1563 938 putidum
1610 854 1901 932 videatur,
1954 854 2249 939 principio
2296 853 2583 938 epistolae
2620 876 2658 916 e

588 997 593 1005 ⁶
653 972 760 1036 tali
829 972 1136 1038 salutandi
1203 973 1463 1037 formula
1525 974 1895 1037 occasionem
1960 981 2163 1060 petere
2208 973 2284 1037 de
2331 973 2545 1036 decoro
2588 979 2660 1035 et

648 1092 904 1155 honesto
965 1100 1281 1177 praecepta
1337 1092 1568 1157 dandi?
1660 1093 1845 1174 Quod
1896 1117 2037 1157 vero
2084 1092 2448 1177 Dionysium
2493 1092 2659 1155 vitu-

646 1220 848 1293 perat,
916 1210 1078 1293 quod
1140 1198 1508 1296 Delphicum
1556 1212 1739 1275 deum
1786 1211 1967 1276 verbo
2012 1213 2236 1292 χοιίρειν
2282 1210 2651 1294 compellare

649 1351 832 1392 ausus
879 1337 1063 1407 esset,
1114 1330 1250 1413 quis
1297 1330 1490 1393 nescit
1535 1329 1690 1394 illud
1736 1338 1909 1409 χαῖρε
1955 1336 2256 1413 receptam
2302 1329 2485 1392 fuisse
2532 1327 2660 1390 sor-

649 1446 906 1523 mulam,
941 1470 1065 1531 qua
1093 1447 1259 1510 soliti
1291 1453 1490 1510 essent
1521 1447 1663 1510 deos
1696 1446 1997 1511 salutare?
2045 1446 2169 1524 Ita,
2205 1453 2277 1511 ut
2308 1444 2656 1529 exemplum

647 1565 922 1643 afferam,
978 1566 1043 1629 in
1088 1566 1411 1630 Homerico
1459 1565 1705 1651 Hymno
1752 1566 1817 1629 in
1863 1565 2065 1649 Apoll.
2116 1589 2201 1629 vs,
2260 1568 2375 1628 14:
2436 1572 2615 1645 χαῖρε
2632 1614 2653 1646 ,

646 1685 888 1765 μάκαιρ’
941 1679 992 1749 ὦ
1043 1692 1242 1759 Λητοῖ.
1336 1684 1621 1749 Cratinus
1680 1686 1742 1749 in
1804 1685 2098 1749 Meinekii
2156 1686 2370 1769 fragm.
2419 1684 2655 1748 Comic.

647 1824 706 1885 p.
761 1804 911 1865 194:
960 1802 1074 1867 εὔιε
1119 1802 1448 1883 κισσόχαιτ’
1493 1802 1647 1879 ἄναξ
1675 1804 1954 1888 (Διόνυσε)
1984 1809 2181 1883 χοοῖρε.
2237 1802 2659 1866 Callimachus

647 1918 872 2003 Hymn.
935 1920 1000 1983 in
1058 1920 1098 1983 J
1101 1942 1194 1983 ov.
1259 1924 1377 1984 91:
1439 1928 1616 2001 χαῖρε
1668 1920 1864 1998 μέγα,
1924 1922 2150 2001 Κρονίδη
2196 1920 2611 1998 πανυπέρτωτε
2633 1968 2655 1996 ,

645 2036 810 2117 δῶτορ
871 2036 1031 2103 ἐοὶων.
1125 2037 1294 2118 Quid
1343 2037 1557 2122 plura?
1605 2038 2023 2117 *Prooemium
2070 2038 2219 2116 hoc,
2268 2060 2365 2101 me
2405 2036 2613 2122 judice
2632 2086 2655 2115 ‚

645 2178 769 2220 non
814 2157 1146 2241 elegantem
1195 2163 1256 2220 et
1304 2157 1603 2221 urbanum
1634 2158 2014 2241 scriptorem,
2065 2179 2191 2221 non
2220 2158 2655 2223 Ἀττικώτοιτον

643 2274 1145 2359 philosophorum
1175 2274 1434 2352 redolet,
1469 2273 1575 2337 sed
1604 2274 1811 2358 potius
1843 2284 2223 2358 arrogantem
2255 2275 2651 2359 magistrum,

643 2392 998 2475 a’epst'yov
1035 2394 1298 2478 aliquem
1314 2443 1333 2471 ,
1374 2393 1478 2476 qui
1517 2393 1724 2477 inepto
1762 2392 1896 2456 loco
1926 2392 2233 2457 inculcare
2263 2392 2460 2457 voluit
2488 2414 2654 2476 quae

645 2510 867 2577 alicubi
927 2512 1092 2596 apud
1150 2512 1469 2577 Platonem
1516 2511 1781 2595 legisset.
1873 2511 2270 2576 Manifestum
2315 2518 2407 2575 est
2454 2510 2657 2575 efficta

640 2629 786 2694 haec
831 2653 960 2694 esse
1006 2653 1039 2694 e
1084 2629 1443 2707 Charmida,
1490 2652 1550 2715 p.
1605 2632 1728 2693 164
1770 2630 1859 2707 D,
1902 2629 2010 2693 ubi
2054 2630 2231 2693 Plato
2276 2612 2535 2713 loquens
2567 2628 2655 2692 de

641 2754 961 2833 praecepto
1021 2748 1318 2832 Delphico
1377 2749 1545 2825 γνῶθι
1606 2748 1846 2813 σεωυτὸν
1904 2747 2086 2811 dicit:
2150 2750 2303 2813 τοῦθ’
2363 2747 2505 2812 οὕτω
2550 2771 2655 2825 μοι

640 2867 794 2931 δοκεῖ
831 2867 896 2931 τὸ
942 2866 1201 2947 γράμμκ
1245 2868 1609 2949 οὶνοικεῖσθοοι,
1656 2868 1728 2939 ὡς
1774 2867 1839 2941 δὴ
1887 2866 2185 2947 πρόσρησις
2217 2863 2362 2931 οὖσαν
2392 2872 2491 2931 τοῦ
2522 2867 2653 2931 θεοῦ

640 2992 752 3049 τῶν
787 2983 1063 3049 εἰσιόντων
1097 2987 1226 3049 ἀντὶ
1266 2991 1367 3050 τοῦ
1403 2992 1618 3065 χαῖρε
1634 3034 1652 3067 ,
1692 2987 1764 3056 ὡς
1803 2985 2003 3051 τούτου
2041 2985 2147 3061 μὲν
2178 2987 2280 3049 οὐκ
2308 2987 2459 3065 ὀρθοῦ
2490 2984 2652 3056 ὄντος

640 3108 742 3169 τοῦ
785 3104 1185 3183 προσρήματος
1202 3154 1220 3178 ,
1267 3109 1367 3168 τοῦ
1410 3103 1722 3184 χοοίρειν,
1760 3103 1881 3167 οὐδὲ
1919 3104 2033 3167 δεῖν
2074 3109 2241 3169 τοῦτο
2280 3102 2655 3183 παρακελεύ-

641 3224 800 3287 εσθαι
845 3223 1171 3297 ἀλλήλους,
1211 3222 1379 3287 ἀλλὰ
1423 3229 1826 3304 σωφρονεῖν.
1898 3222 2095 3305 quue
2126 3230 2431 3305 σωφρονεῖν
2462 3222 2656 3307 paulo

641 3348 780 3424 post
825 3338 1093 3403 ostendit
1136 3338 1297 3403 idem
1343 3362 1471 3403 esse
1518 3347 1701 3423 atque
1740 3338 1803 3405 εὖ
1841 3340 2116 3421 πράττειν
2156 3342 2311 3424 (172
2347 3343 2445 3425 A).
2501 3340 2657 3403 Pro-

642 3458 839 3523 babile
883 3458 1028 3521 hinc
1071 3458 1266 3541 ipsam
1303 3458 1470 3521 illam
1503 3458 1936 3523 salutationem
1966 3459 2214 3523 fluxisse
2245 3471 2307 3523 et
2337 3481 2445 3543 per
2475 3460 2655 3523 fictas

643 3576 928 3660 epistolas
967 3575 1185 3640 deinde
1223 3598 1331 3660 pro
1370 3575 1687 3640 Platonica
1720 3577 2107 3642 vendidatam
2150 3600 2218 3642 ac
2250 3555 2657 3663 propagatam

643 3718 792 3759 esse.
863 3694 1039 3758 Certe
1084 3694 1347 3759 Luciani
1392 3694 1807 3759 testimonium
1852 3696 1993 3780 (Pro
2038 3696 2218 3781 lapsu
2259 3697 2421 3761 inter
2466 3697 2657 3761 salut.

643 3836 696 3875 c.
760 3814 823 3896 4)
840 3861 857 3889 ‚
950 3812 1266 3876 Platonem
1327 3813 1648 3877 formulam
1710 3814 1775 3878 τὸ
1834 3813 2056 3895 χοιίρειν
2117 3813 2505 3899 reprobasse,
2574 3817 2659 3887 ὡς

642 3930 926 4011 μοχθηρὸν
983 3928 1040 3994 ὃν
1097 3930 1196 3993 καὶ
1256 3931 1408 3995 οὐδὲν
1468 3931 1769 3996 σπουδαῖον
1829 3934 2111 4014 ἐμφαῖνον
2128 3984 2147 4007 ,
2217 3956 2292 3997 ex
2350 3933 2659 4018 Epistolis

641 4049 920 4125 fluxisse,
969 4056 1215 4133 apparet
1260 4072 1331 4113 ex
1374 4050 1569 4133 ipsius
1614 4049 1843 4113 verbis:
1892 4050 1990 4114 κοοὶ
2038 4050 2394 4115 ἐπιστέλλων
2441 4076 2519 4129 γε
2563 4056 2654 4133 τῷ

645 4166 912 4247 Διονυσίῳ
942 4167 1202 4231 οιῖτιέἑτοιι
1233 4166 1433 4249 αὐτὸν,
1465 4165 1552 4231 ὅτι
1581 4217 1595 4232 .
1616 4218 1630 4233 .
1654 4217 1666 4229 .
1709 4168 1996 4248 χαίρειν
2025 4168 2120 4234 τὸν
2148 4170 2267 4233 θεὸν
2300 4177 2611 4251 προσεῖπεν
2628 4222 2653 4250 ,
