3025 5067
1515 370 1596 428 24

630 549 888 657 Quanta
933 577 1116 641 fuerit
1161 578 1419 639 istorum
1449 575 1762 641 rhetorum
1795 577 2165 659 ignorantia,
2208 576 2425 639 clarius
2456 574 2557 636 do-

548 704 902 761 cumentum
947 696 1196 781 reperiri
1241 718 1366 759 non
1413 703 1616 780 potest
1655 718 1839 779 quam
1869 694 2148 781 Epistola
2178 693 2307 773 XI,
2340 694 2405 757 in
2438 716 2559 776 qua

545 816 721 879 Plato
781 815 1183 878 Laodama-nti
1201 864 1218 891 ,
1279 815 1508 899 petenti
1554 820 1625 877 ut
1671 837 1815 877 suae
1862 814 2094 877 civitati
2138 813 2302 898 leges
2349 812 2552 890 daret,

548 934 908 1018 respondet,
975 932 1282 996 Socratem
1341 934 1737 1013 στραγγουρίᾳ
1782 931 2089 1009 laborare,
2132 954 2195 995 se
2242 938 2443 995 autem
2488 932 2557 995 δι’

549 1054 774 1130 ἡλικίαν
834 1054 1044 1137 fugere
1111 1054 1448 1117 πλανᾶσθαι
1510 1052 1673 1116 κατὰ
1726 1060 1838 1128 γῆν
1882 1052 1979 1115 καὶ
2026 1051 2187 1115 κατὰ
2232 1049 2555 1115 θάλατταν.

551 1174 652 1235 An
689 1173 882 1257 major
919 1178 1261 1256 temporum
1280 1172 1555 1235 confusio
1574 1170 1827 1255 cogitari
1852 1176 2053 1255 potest
2078 1192 2261 1254 quam
2290 1168 2558 1246 credere,

551 1291 788 1354 vivente
833 1289 1078 1353 Socrate
1123 1288 1442 1353 Platonem
1491 1311 1696 1353 senem
1741 1288 1930 1353 fuisse
1976 1296 2037 1353 et
2084 1310 2353 1353 errorum
2399 1296 2561 1352 terra

480 1408 484 1416 '
550 1408 824 1492 marique
878 1406 1152 1471 lassum?
1250 1406 1470 1490 Neque
1519 1406 1593 1469 de
1640 1405 1759 1470 alio
1806 1406 2085 1484 Socrate,
2126 1406 2370 1492 juniore
2415 1405 2558 1482 illo,

550 1527 646 1591 vel
705 1526 782 1591 de
840 1526 1108 1590 Isocrate
1165 1528 1322 1608 (Ast.
1371 1549 1431 1611 p.
1483 1528 1635 1610 526)
1681 1527 1781 1589 hic
1828 1526 2081 1610 cogitari
2126 1548 2333 1611 posse,
2390 1548 2561 1609 argu-

549 1652 823 1709 mentum
871 1644 1110 1707 clamat.
1175 1643 1539 1707 Scribendae
1574 1651 1777 1708 autem
1808 1645 1995 1708 huius
2029 1644 2322 1729 epistolae
2354 1666 2560 1707 ansam

549 1762 724 1827 facile
771 1762 941 1827 dedit
985 1763 1177 1840 fama,
1226 1762 1545 1826 Platonem
1577 1786 1611 1825 a
1641 1762 2193 1848 Megalopolitanis<
2209 1763 2561 1827 arcessitum

553 1889 622 1945 ut
666 1882 828 1965 leges
875 1882 948 1945 iis
995 1881 1314 1959 scriberet,
1362 1881 1426 1944 id
1475 1881 1779 1945 abnuisse.

640 2000 785 2064 Non
831 2001 1093 2065 melioris
1139 2002 1443 2078 κόμματος
1491 2008 1583 2065 est
1628 2000 1793 2078 XII,
1837 2002 2064 2087 scripta
2088 2001 2165 2065 ad
2190 2001 2519 2085 Archytam
2536 2051 2555 2079 ,

551 2143 674 2204 qua
719 2120 863 2183 huic
909 2121 1132 2205 gratias
1179 2121 1333 2205 agit,
1383 2120 1549 2203 quod
1580 2120 1697 2184 sibi
1726 2120 1991 2184 misisset
2030 2122 2429 2198 ὑπομνήματα
2457 2120 2564 2183 ho-

552 2240 732 2302 minis
770 2238 1170 2323 Pythagorei,
1205 2248 1277 2302 ut
1307 2239 1582 2316 videtur,
1617 2260 1797 2321 quem
1832 2238 1983 2302 dicit
2012 2239 2343 2303 oriundum
2374 2239 2562 2302 fuisse

552 2381 587 2421 a
631 2358 962 2422 maioribus
1008 2358 1303 2421 Troianis,
1397 2356 1789 2421 Intellexitne
1834 2357 2273 2442 Pythagoricae
2322 2356 2562 2421 scholae

435 2499 450 2509 ·
551 2476 960 2553 conditorem,
1006 2476 1424 2553 Panthoiden,
1473 2500 1505 2539 e
1552 2497 1774 2560 genere
1819 2476 1927 2539 illo
1968 2476 2384 2561 Trojugenfim
2401 2526 2419 2554 ,
2453 2477 2562 2559 qui

549 2594 1034 2659 Laomedonteae
1079 2595 1334 2659 iniuriae
1381 2596 1643 2660 fuissent
1686 2596 1987 2659 immunes
2036 2604 2097 2659 et
2140 2596 2354 2659 relicta
2379 2594 2561 2659 Troia

553 2713 618 2777 in
665 2712 956 2796 Magnam
1003 2712 1319 2776 Graeciam
1366 2712 1773 2797 migrassent?
1818 2711 2107 2777 Vicissim
2152 2719 2356 2777 autem
2386 2712 2564 2798 Plato

551 2854 665 2896 sua
710 2832 1108 2910 ὑπομνήματα
1155 2833 1210 2895 ei
1256 2855 1320 2896 se
1363 2832 1694 2896 missurum
1742 2832 2093 2917 pollicetur,
2142 2833 2438 2917 promissa
2475 2855 2565 2896 ar-

551 2949 688 3013 cani
733 2948 870 3011 fide.
963 2947 1106 3013 Olet
1151 2948 1298 3012 haec
1345 2949 1604 3033 epistola
1648 2949 1988 3035 lampadem
2034 2949 2339 3014 Platonici
2386 2951 2563 3014 πυθα·

547 3066 877 3149 γορίζοντος.
1272 3066 1274 3069 ’

637 3184 677 3248 J
681 3207 777 3248 am
823 3208 1060 3249 summa
1104 3208 1312 3251 eorum
1345 3207 1500 3269 quae
1533 3186 2013 3271 disputavimu8‚
2062 3194 2135 3251 ut
2164 3178 2374 3272 paucis
2406 3210 2564 3252 com-

551 3304 953 3389 prehendam,
1032 3304 1154 3368 huc
1215 3304 1392 3368 redit.
1496 3306 1999 3390 Antiquissimam
2049 3329 2177 3371 esse
2223 3306 2561 3392 Epistolam

550 3420 707 3501 VII,
754 3422 912 3486 hanc
957 3422 1148 3487 veluti
1193 3423 1561 3508 principium
1608 3431 1669 3488 et
1714 3424 2059 3510 exemplum
2097 3426 2285 3490 fuisse
2316 3426 2531 3490 ceteris
2541 3453 2560 3505 3

550 3541 820 3625 proxime
867 3564 1006 3605 cum
1050 3541 1164 3606 hac
1211 3541 1529 3607 cohaerere
1581 3542 1805 3607 VIIIam
1850 3544 1927 3608 ad
1973 3545 2191 3610 Dionis
2238 3546 2462 3610 amicos
2502 3532 2582 3611 et·

549 3658 718 3722 IIIam
765 3660 842 3723 ad
887 3644 1252 3745 Dionysium
1297 3662 1553 3747 scriptas
1569 3712 1588 3741 ‚
1637 3670 1771 3727 tum
1818 3663 1953 3726 II¹²m
1994 3664 2071 3727 ad
2102 3664 2469 3749 Dionysium
2500 3674 2563 3729 et

547 3776 707 3840 ΠΜ
767 3778 844 3841 ad
891 3778 1186 3859 Dionem,
1236 3780 1455 3844 deinde
1499 3780 1809 3865 Epistolas
1856 3782 1931 3846 ad
1964 3782 2261 3861 diverSOS,
2310 3782 2396 3861 V,
2431 3781 2558 3862 VI,

550 3896 646 3959 IX
693 3904 755 3961 et
799 3896 878 3961 X.
959 3898 1054 3962 Ab
1103 3898 1196 3961 his
1243 3900 1561 3964 voluntate
1608 3898 1928 3965 dissentire
1973 3902 2125 3965 duas
2170 3902 2436 3987 reliquas
2483 3903 2559 3966 ad

550 4016 947 4100 Dionysium,
995 4017 1029 4080 I
1077 4023 1139 4081 et
1181 4017 1347 4081 XIII
1361 4045 1380 4095 3
1431 4019 1691 4103 denique
1736 4042 1983 4105 prorsus
2028 4020 2265 4105 ineptas
2304 4044 2433 4085 esse
2464 4022 2559 4086 XI
2658 4018 2683 4027 “

553 4141 614 4197 et
660 4133 808 4198 XII.
