3025 5067
1602 388 1682 449 88

631 596 980 659 memoratio
1041 596 1332 659 sermonis
1378 603 1606 658 secreto
1681 595 1838 658 inter
1884 596 2105 657 amicos
2159 594 2395 659 habiti?
2448 594 2643 674 Quod

631 715 782 777 alter
828 713 939 790 ait,
990 713 1162 777 alteri
1207 735 1427 797 negare
1476 714 1634 777 licet.
1729 712 1870 797 Ipse
1916 712 2173 796 scriptor
2216 713 2332 776 hoc
2380 713 2644 776 sensisse

628 831 868 895 videtur
883 880 902 908 ,
951 830 1120 895 addit
1165 832 1356 895 enim:
1407 833 1543 912 πρὸς
1592 830 1650 894 δὲ
1695 830 1911 903 τούτοις
1958 831 2041 895 ἔτι
2084 830 2474 913 σαφεστέρους
2511 830 2645 895 τού-

627 975 738 1015 των
781 951 860 1021 εἷς
905 949 1156 1029 ἔλεγχον
1192 948 1400 1026 λόγους
1447 950 1561 1026 ἐγὼ
1608 949 1751 1023 δοίην
1798 948 1899 1023 ἂν,
1947 948 2001 1013 εἴ
2041 974 2129 1020 τις
2168 950 2335 1023 ἱκανή
2359 974 2467 1017 που
2489 948 2639 1031 φαί-

629 1092 770 1134 νοιτο
813 1071 1000 1149 κρίσις.
1049 1070 1130 1153 (p.
1167 1072 1292 1132 319
1339 1068 1440 1152 D).
1513 1068 1744 1133 Mirum
1791 1075 2029 1145 tamen,
2066 1067 2116 1130 si
2148 1075 2502 1153 argumenta
2530 1090 2646 1131 σοο-

629 1186 888 1266 Φέστεροι
947 1186 1010 1249 in
1071 1193 1317 1272 promtu
1377 1186 1599 1252 habuit
1612 1235 1631 1264 ‚
1698 1186 1914 1271 quidni
1978 1209 2047 1249 ea
2100 1186 2494 1271 expromserit
2568 1186 2644 1249 in

631 1303 910 1389 apologia
953 1304 1198 1389 publico
1245 1304 1386 1368 usui
1433 1304 1752 1368 destinata.

717 1422 996 1506 Denique
1070 1430 1270 1487 totum
1337 1423 1627 1508 epistolae
1689 1429 2159 1507 argumentum,
2230 1429 2290 1485 et
2356 1423 2644 1507 Dionysii

631 1542 970 1605 criminatio
1016 1548 1077 1605 et
1120 1542 1394 1605 Platonis
1438 1541 1713 1606 defensio
1733 1592 1751 1619 ,
1801 1540 2099 1607 eiusmodi
2146 1547 2270 1619 est,
2306 1550 2377 1604 ut
2406 1542 2642 1605 fictioni

630 1683 814 1744 quam
859 1660 1098 1724 veritati
1144 1660 1398 1724 similior
1445 1662 1544 1724 sit.
1621 1660 1950 1745 Dionysius
1996 1659 2311 1723 Platonem
2360 1666 2604 1723 accusat
2621 1709 2642 1738 ,

629 1778 792 1863 quod
818 1801 972 1862 quae
995 1778 1189 1843 facere
1213 1802 1276 1841 se
1299 1779 1448 1842 olim
1469 1778 1912 1864 prohibuisset,
1940 1778 2018 1841 ad
2046 1778 2253 1841 eadem
2276 1778 2648 1863 perficienda

627 1920 794 1961 nunc
848 1903 1058 1959 auctor
1109 1896 1188 1959 sit
1241 1896 1462 1974 Dioni,
1511 1902 1586 1961 ut
1622 1919 1836 1982 nempe
1872 1896 2132 1961 Graecas
2167 1895 2409 1961 Siciliae
2434 1897 2647 1959 civita-

628 2021 720 2078 tes
767 2037 802 2077 a
847 2013 1438 2098 Carthaginiensium
1486 2014 1899 2079 dominatione
1938 2014 2225 2079 liberaret
2256 2022 2315 2080 et
2347 2014 2647 2097 aequiori-

627 2134 743 2198 bus
789 2133 1027 2217 legibus
1073 2140 1372 2217 regnaret.
1464 2131 1637 2197 Num
1685 2140 1889 2197 autem
1918 2133 2244 2197 verisimile
2274 2140 2599 2218 tyrannum
2620 2183 2643 2211 ,

631 2253 738 2336 qui
799 2251 1001 2316 omnia
1067 2273 1179 2315 suo
1226 2250 1475 2345 arbitrio
1523 2252 1769 2337 gerebat
1816 2257 1877 2315 et
1923 2251 2275 2337 philosophi
2320 2258 2647 2337 praecepta

633 2369 1100 2455 aspernabatur,
1149 2370 1334 2433 huius
1381 2370 1629 2434 monitis
1676 2392 1711 2434 a
1756 2370 2109 2454 gravissimo
2155 2370 2407 2435 consilio
2437 2392 2649 2434 avoca-

628 2494 764 2552 tum
809 2487 1026 2565 fuisse,
1076 2493 1218 2566 aut,
1268 2487 1321 2550 si
1366 2488 1609 2565 fuisset,
1656 2487 1721 2551 id
1766 2487 1965 2572 palam
2011 2487 2085 2551 de
2119 2510 2182 2552 se
2212 2488 2441 2552 fassum
2470 2488 2649 2552 esse}>

629 2604 797 2685 Quid
845 2611 1048 2669 autem
1093 2627 1232 2668 eum
1277 2604 1639 2689 prohibebat
1698 2605 1763 2669 id
1809 2606 2046 2689 ipsum,
2109 2606 2161 2669 si
2211 2604 2425 2683 vellet,
2474 2627 2647 2697 nunc

631 2724 826 2787 facere
852 2773 871 2801 ,
936 2745 1056 2807 quo
1107 2746 1249 2788 sane
1296 2722 1512 2787 Dionis
1560 2729 1621 2786 et
1664 2723 1937 2787 Platonis
1986 2722 2329 2787 molitiones
2374 2746 2653 2809 praever-

631 2840 846 2906 tisset?
914 2841 1188 2907 Platonis
1249 2847 1454 2905 autem
1513 2842 1827 2925 responsio
1886 2864 2011 2905 11011
2058 2849 2187 2905 tam
2235 2841 2501 2907 defensio
2548 2850 2649 2905 est

631 2982 814 3044 quam
867 2959 1276 3024 recriminatio
1293 3010 1311 3037 ,
1369 2959 1625 3045 indigna
1668 2961 1797 3023 viro
1814 3010 1831 3038 ,
1882 2960 1989 3044 qui
2035 2983 2181 3024 suae
2226 2960 2342 3025 sibi
2389 2960 2645 3024 virtutis

633 3086 693 3143 et
754 3078 1068 3164 dignitatis
1130 3078 1407 3143 conscius
1425 3128 1444 3157 ‚
1507 3078 1769 3163 improbi
1816 3078 2077 3143 hominis
2123 3078 2457 3143 calumnias
2502 3101 2661 3144 con--

631 3206 898 3263 temnere
951 3197 1125 3261 facile
1171 3197 1392 3281 potuit.

717 3315 938 3399 Itaque
982 3316 1134 3380 mihi
1181 3315 1422 3379 videtur
1464 3338 1577 3381 nec
1624 3315 1956 3401 Dionysius
2003 3323 2130 3380 tam
2164 3315 2393 3380 stultus
2418 3316 2600 3380 fuisse
2620 3366 2642 3394 ,

630 3442 702 3498 ut
761 3435 1000 3498 futilem
1062 3433 1210 3497 adeo
1278 3434 1758 3499 criminationem
1827 3434 1901 3499 de
1972 3435 2227 3499 Platone
2296 3440 2643 3520 spargeret,

628 3575 740 3617 nec
801 3553 976 3615 Plato
1035 3559 1160 3617 tam
1219 3552 1461 3637 ineptus
1478 3602 1497 3630 ,
1548 3553 1653 3637 qui
1700 3552 1775 3616 ad
1821 3554 1977 3617 hanc
2023 3554 2176 3617 serio
2225 3553 2641 3638 responderet.

629 3671 995 3734 Plutarchus
1053 3670 1118 3733 in
1163 3670 1288 3734 vita
1332 3670 1550 3735 Dionis
1594 3672 1678 3755 (c.
1728 3673 1835 3755 20)
1882 3678 2124 3749 narrat,
2174 3693 2367 3755 quum
2413 3672 2645 3755 Diony-

631 3790 757 3853 sius
815 3788 1132 3853 Platonem
1194 3788 1269 3852 ab
1333 3788 1553 3852 ultimo
1613 3788 1829 3853 itinere
1876 3790 2150 3854 Athenas
2196 3812 2502 3855 reversum
2547 3812 2647 3853 ro-

631 3913 863 3992 gasset,
911 3930 988 3971 ne
1032 3906 1347 3972 invidiosis
1391 3908 1468 3972 de
1516 3931 1579 3972 se
1628 3908 2008 3974 sermonibus
2040 3909 2469 3974 existimationi
2493 3932 2645 3975 suae

634 4024 798 4110 apud
867 4024 1128 4089 Graecos
1195 4033 1438 4092 noceret
1453 4076 1472 4105 ,
1543 4026 1708 4091 hunc
1772 4027 2182 4113 respondisse:
2254 4031 2338 4106 μὴ
2384 4026 2643 4103 τοσαύτη

633 4142 822 4219 λόγων
867 4144 924 4207 ἐν
971 4142 1301 4226 Ἀκαδημίᾳ
1358 4144 1577 4221 γένοιτο
1620 4142 1827 4215 σπάνις
1846 4196 1865 4219 ,
1912 4142 2056 4211 ὥστε
2102 4151 2203 4221 σοῦ
2246 4170 2378 4211 τινα
2421 4170 2645 4223 μνημο-
