3025 5067
1333 366 1412 427 53

358 570 456 635 lac
494 570 768 635 Platonis
799 570 1180 656 disciplinam
1228 577 1561 656 gustasset,
1604 570 1837 637 aulicae
1876 573 2037 637 vitae
2067 572 2373 637 luxuriem

363 713 580 755 exosus
625 691 1049 756 modestiorem
1095 691 1338 755 vivendi
1383 692 1677 755 rationem
1718 699 1875 755 esset
1908 692 2251 777 amplexus5
2300 713 2373 755 eo

363 818 564 875 autem
595 812 826 875 factum
856 819 929 875 ut
958 812 1024 876 in
1049 811 1388 875 aulicorum
1411 810 1731 875 hominum
1756 810 1967 875 odium
1999 818 2061 875 et
2084 810 2375 876 invidiam

361 929 681 995 inciderit:
731 931 926 1015 (Δίων)
971 930 1066 995 τὸν
1108 930 1399 996 ἐπίλοιπον
1451 931 1577 1008 βίον
1622 929 1721 1012 ζῆν
1759 930 1995 1006 ἠθέλησε
2034 982 2047 995 .
2071 980 2121 995 ..
2168 931 2373 1011 αἱρετὴν

364 1050 488 1131 περὶ
535 1052 785 1124 πλείονος
832 1051 1024 1127 ἡδονῆς
1073 1100 1088 1115 .
1111 1102 1124 1116 .
1147 1102 1161 1116 .
1209 1051 1537 1127 ἆγαπηκώς
1554 1103 1571 1126 ,
1622 1048 1740 1115 ὅθεν
1788 1048 2219 1141 ἐπαχθέστερον,
2258 1056 2373 1121 τοῖς

361 1169 486 1247 περὶ
547 1170 630 1234 τὰ
687 1170 992 1250 τυραννικοὶ
1052 1170 1271 1248 νόμιμα
1323 1168 1484 1250 ζῶσιν
1530 1169 1671 1248 ἐβίω
1732 1169 1912 1251 μεχρι
1978 1174 2081 1234 τοῦ
2127 1166 2373 1233 θανάτου

359 1294 461 1352 τοῦ
517 1288 640 1365 περὶ
690 1288 974 1353 Διονύσιον
1017 1288 1338 1366 γενομένου.
1433 1287 1639 1368 Quem
1684 1287 1749 1352 in
1795 1287 1892 1351 his
1938 1309 2063 1351 non
2112 1286 2373 1351 advertit

354 1428 578 1492 pravus
638 1429 788 1470 usus
833 1406 1296 1492 praepositionis
1343 1406 1515 1485 περίέ>
1591 1406 1866 1470 Primum
1918 1406 2073 1473 male
2120 1428 2376 1491 usurpa-

357 1533 493 1589 tum
553 1538 646 1589 est
702 1524 768 1589 in
812 1524 1008 1589 verbis
1069 1524 1193 1605 περὶ
1243 1524 1494 1595 πλείονος
1539 1524 1903 1601 οὶγαπηκώςε
1976 1524 2203 1589 dicitur
2246 1525 2369 1605 περὶ

357 1651 608 1728 πολλοῦ,
645 1645 771 1725 περὶ
805 1645 1058 1716 πλείονος
1090 1646 1402 1722 ποιεῖσθαι,
1448 1645 1713 1722 ἡγεῖσθαι
1733 1695 1750 1727 ,
1786 1667 1912 1708 non
1946 1644 2070 1725 περὶ
2119 1642 2371 1717 πλείονος

354 1766 578 1841 τιμέὶν,
652 1765 941 1841 οὲγαπᾶνς
1037 1762 1255 1827 deinde
1347 1785 1455 1848 pro
1515 1762 1640 1843 περὶ
1686 1763 1767 1827 τὰ
1828 1788 1949 1843 τυρ.
1989 1763 2213 1840 νόμιμα
2270 1761 2369 1843 ζῆν

356 1880 480 1945 dici
549 1880 763 1946 debuit
823 1881 984 1945 κατὰ
1037 1882 1119 1947 τοὶ
1177 1906 1233 1947 τ.
1299 1906 1348 1945 ν.
1403 1881 1502 1963 ζῆν
1520 1934 1537 1958 ,
1592 1885 1895 1947 secundum
1924 1880 2179 1968 ,tyranni
2222 1882 2372 1965 leyes

354 1999 452 2063 vel
491 2000 670 2085 jussa
685 2027 715 2075 ,·
782 1998 1046 2083 denique
1105 2006 1204 2065 τοῦ
1261 1998 1385 2082 περὶ
1442 1998 1728 2065 Διονύσιον
1772 1999 2074 2077 γενομένου
2123 1998 2367 2063 θανάτου

358 2124 452 2181 est
495 2117 808 2203 inelegans
853 2118 1313 2183 circumlocutio
1359 2140 1469 2203 pro
1516 2117 1693 2199 μεχρὶ
1740 2123 1842 2183 τοῦ
1881 2118 2169 2183 Διονυσίου
2200 2115 2369 2181 Homi-

349 2261 469 2302 του.
564 2235 794 2301 Mirum
863 2244 956 2301 est
1009 2243 1384 2322 quantopere
1445 2236 1701 2323 scriptor
1759 2242 1965 2301 noster
2028 2235 2366 2301 delectetur

345 2356 528 2420 istius
580 2355 1047 2442 praepositionis
1115 2378 1234 2420 usu
1251 2358 1278 2433 ,'
1341 2378 1527 2440 quam
1594 2356 1793 2421 ubivis
1863 2356 2168 2420 inculcare
2238 2363 2363 2420 stu-

347 2473 472 2538 det.
564 2474 860 2565 Exempla
927 2474 1223 2559 quaedam
1277 2474 1538 2539 afferam.
1611 2497 1670 2560 p.
1721 2477 1848 2538 325
1898 2476 1991 2539 A:
2041 2478 2075 2552 ἧ
2121 2474 2247 2556 περὶ
2298 2476 2365 2539 τὸ

347 2593 622 2674 πράττειν
694 2594 778 2658 τα
850 2594 1006 2659 κοινὰ
1036 2568 1044 2577 ⁰
1079 2593 1373 2671 ἐπιθυμία.
1463 2592 1614 2659 ibid.
1692 2592 1777 2657 O:
1863 2594 2079 2666 ἀνόσιος
2148 2594 2363 2671 ἀγωγὴ

345 2712 473 2793 περὶ
534 2710 636 2777 ἕνα
688 2718 800 2777 τῶν
859 2712 1046 2795 φίλων
1063 2764 1082 2789 ,
1133 2710 1266 2777 'ubi
1342 2713 1468 2795 περὶ
1540 2712 1797 2799 genitivi
1870 2713 2005 2777 loco
2065 2712 2353 2798 positum.

346 2852 408 2915 p.
459 2832 587 2894 338
635 2830 726 2894 A:
791 2829 1050 2911 καθάπερ
1102 2828 1288 2914 εἷπον,
1345 2832 1471 2911 πρὶν
1520 2830 1940 2909 ξυμβουλεύειν
1984 2838 2103 2903 τοῖς
2149 2831 2363 2902 οἰκείοις

351 2949 450 3015 καὶ
513 2950 750 3030 ἑταίροις
807 2957 926 3023 τοῖς
994 2949 1118 3031 περὶ
1189 2951 1419 3029 Δίωνα,
1491 2949 1554 3013 h.
1624 2972 1676 3015 e.
1736 2950 1979 3034 Δίωνος,
2052 2948 2217 3033 quod
2262 2949 2363 3014 hic

350 3067 640 3132 vitiosum
654 3118 674 3147 ,
737 3068 883 3153 quia
939 3070 1155 3133 mortui
1198 3069 1565 3155 propinquos
1623 3042 1943 3154 significat.
1991 3091 2049 3153 p.
2099 3070 2226 3133 340
2274 3068 2357 3132 B:

343 3188 476 3252 ε’στί
538 3211 626 3259 τις
692 3187 894 3269 τρόπος
960 3192 1060 3253 τοῦ
1115 3189 1240 3267 περὶ
1293 3189 1376 3253 τοὶ
1435 3193 1685 3254 τοιαῦτα
1745 3194 1945 3269 πεῖραν
2005 3185 2354 3266 λαμβάνειν.

345 3305 538 3391 Saepe
619 3306 801 3371 iterat
814 3357 834 3386 ,
920 3313 992 3371 ut
1073 3330 1133 3392 p.
1213 3310 1340 3375 329
1418 3306 1506 3371 B:
1569 3304 1724 3389 εὖρον
1782 3309 2042 3379 στάσεως
2095 3306 2177 3371 τοὶ
2230 3305 2355 3387 περ)

345 3426 634 3491 Διονύσιον
678 3427 878 3503 μεστοὶ
921 3424 1247 3503 ξύμπαντα
1290 3426 1391 3492 καὶ
1429 3426 1713 3504 διαβολῶν
1749 3426 1883 3507 πρὸς
1920 3429 2024 3502 τὴν
2058 3423 2356 3507 τυράννιδα

344 3542 555 3617 Δίωνος
609 3543 733 3626 πέρι
793 3540 966 3629 (num
1012 3545 1265 3609 fortasse
1311 3545 1641 3631 legendum
1687 3545 1820 3626 πρὸς
1868 3546 2061 3611 Δίωνα
2105 3554 2211 3620 τῆς
2255 3571 2354 3611 τυ-

340 3662 584 3741 ραννιδος
645 3663 767 3743 πέρι
786 3664 836 3747 Ρ)
851 3714 870 3742 ,
933 3663 1101 3747 quod
1160 3664 1494 3749 significat:
1560 3687 1774 3729 omnem
1832 3665 2110 3748 Dionysii
2163 3666 2357 3728 aulam

327 3782 570 3861 plenam
628 3782 1126 3847 minationibus
1185 3786 1458 3847 adversus
1519 3782 1768 3847 Dionem
1828 3785 1898 3847 de
1956 3782 2229 3868 qffeetata
2274 3790 2357 3869 isq—

339 3902 604 3966 rannidc.
653 3924 712 3986 p.
763 3902 888 3965 331
938 3902 1028 3965 A:
1077 3900 1216 3967 ὅταν
1261 3902 1349 3974 τίς
1393 3926 1488 3980 μοι
1536 3900 2010 3981 ξυμβουλεύηται
2050 3902 2179 3980 περί
2206 3925 2353 3973 τινος

343 4022 454 4084 τῶν
512 4020 811 4097 μεγίστων
876 4020 1001 4101 περὶ
1061 4019 1159 4086 τὸν
1219 4020 1396 4086 αὑτοῦ
1457 4019 1585 4097 βίον
1601 4071 1618 4103 ,
1681 4015 1787 4085 οἷον
1846 4019 1970 4103 περὶ
2032 4018 2353 4102 χρημάτων

343 4141 615 4217 κτήσεως.
664 4163 724 4225 p.
769 4108 916 4204 339⁸
945 4139 1027 4202 C:
1075 4141 1149 4205 ἂν
1194 4142 1274 4213 εἰς
1318 4140 1594 4205 Σικελίαν
1639 4140 1797 4223 ἔλθῃς
1812 4190 1831 4218 ,
1880 4146 2094 4220 πρῶτον
2130 4138 2237 4217 μέν
2268 4164 2351 4204 σοι
