<?xml version="1.0" encoding="UTF-8"?>
<!DOCTYPE html PUBLIC "-//W3C//DTD XHTML 1.0 Transitional//EN"
    "http://www.w3.org/TR/xhtml1/DTD/xhtml1-transitional.dtd">
<html xmlns="http://www.w3.org/1999/xhtml" xml:lang="en" lang="en">
 <head>
  <title>
</title>
<meta http-equiv="Content-Type" content="text/html;charset=utf-8" />
  <meta name='ocr-system' content='tesseract 3.04.00' />
  <meta name='ocr-capabilities' content='ocr_page ocr_carea ocr_par ocr_line ocrx_word'/>
</head>
<body>
  <div class='ocr_page' id='page_1' title='image "./commentatiocrit02karsgoog_0104.png"; bbox 0 0 3025 5067; ppageno 0'>
   <div class='ocr_carea' id='block_1_1' title="bbox 1431 1214 2023 1309">
    <p class='ocr_par' dir='ltr' id='par_1_1' title="bbox 1431 1214 2023 1309">
     <span class='ocr_line' id='line_1_1' title="bbox 1431 1214 2023 1309; baseline 0 0"><span class='ocrx_word' id='word_1_1' title='bbox 1431 1214 1823 1309; x_wconf 80' lang='lat' dir='ltr'><strong>CAPUT</strong></span> <span class='ocrx_word' id='word_1_2' title='bbox 1895 1217 2023 1309; x_wconf 89' lang='lat' dir='ltr'>IV.</span> 
     </span>
    </p>
   </div>
   <div class='ocr_carea' id='block_1_2' title="bbox 1317 1550 2096 1599">
    <p class='ocr_par' dir='ltr' id='par_1_2' title="bbox 1317 1550 2096 1599">
     <span class='ocr_line' id='line_1_2' title="bbox 1317 1550 2096 1599; baseline -0.003 0"><span class='ocrx_word' id='word_1_3' title='bbox 1317 1550 1420 1599; x_wconf 74' lang='lat' dir='ltr'>DE</span> <span class='ocrx_word' id='word_1_4' title='bbox 1487 1554 1932 1599; x_wconf 73' lang='lat' dir='ltr'>EPISTOLA</span> <span class='ocrx_word' id='word_1_5' title='bbox 2000 1554 2096 1598; x_wconf 89' lang='lat'>111.</span> 
     </span>
    </p>
   </div>
   <div class='ocr_carea' id='block_1_3' title="bbox 1506 1868 1927 1909">
    <p class='ocr_par' dir='ltr' id='par_1_3' title="bbox 1506 1868 1927 1909">
     <span class='ocr_line' id='line_1_3' title="bbox 1506 1868 1927 1909; baseline 0.005 -18"><span class='ocrx_word' id='word_1_6' title='bbox 1506 1868 1927 1909; x_wconf 33' lang='grc' dir='ltr'>,ήκω-.-</span> 
     </span>
    </p>
   </div>
   <div class='ocr_carea' id='block_1_4' title="bbox 701 2156 2727 4256">
    <p class='ocr_par' dir='ltr' id='par_1_4' title="bbox 708 2156 2727 3302">
     <span class='ocr_line' id='line_1_4' title="bbox 803 2156 2725 2244; baseline -0.001 -23"><span class='ocrx_word' id='word_1_7' title='bbox 803 2157 970 2221; x_wconf 88' lang='lat' dir='ltr'>Haec</span> <span class='ocrx_word' id='word_1_8' title='bbox 1017 2180 1260 2242; x_wconf 88' lang='lat' dir='ltr'>quoque</span> <span class='ocrx_word' id='word_1_9' title='bbox 1305 2158 1561 2243; x_wconf 88' lang='lat' dir='ltr'>epistola</span> <span class='ocrx_word' id='word_1_10' title='bbox 1606 2159 1828 2243; x_wconf 82' lang='lat' dir='ltr'>script-a</span> <span class='ocrx_word' id='word_1_11' title='bbox 1859 2166 1951 2223; x_wconf 87' lang='lat' dir='ltr'>est</span> <span class='ocrx_word' id='word_1_12' title='bbox 1981 2166 2119 2244; x_wconf 90' lang='lat' dir='ltr'>post</span> <span class='ocrx_word' id='word_1_13' title='bbox 2148 2158 2419 2221; x_wconf 78' lang='lat' dir='ltr'><strong>Platonis</strong></span> <span class='ocrx_word' id='word_1_14' title='bbox 2450 2156 2725 2221; x_wconf 80' lang='lat' dir='ltr'>reditum</span> 
     </span>
     <span class='ocr_line' id='line_1_5' title="bbox 715 2274 2725 2361; baseline -0 -22"><span class='ocrx_word' id='word_1_15' title='bbox 715 2274 789 2339; x_wconf 88' lang='lat' dir='ltr'><strong>ab</strong></span> <span class='ocrx_word' id='word_1_16' title='bbox 849 2275 1066 2338; x_wconf 86' lang='lat' dir='ltr'>ultimo</span> <span class='ocrx_word' id='word_1_17' title='bbox 1113 2276 1328 2340; x_wconf 89' lang='lat' dir='ltr'>itinere</span> <span class='ocrx_word' id='word_1_18' title='bbox 1374 2276 1447 2340; x_wconf 88' lang='lat' dir='ltr'><strong>ad</strong></span> <span class='ocrx_word' id='word_1_19' title='bbox 1495 2276 1860 2361; x_wconf 86' lang='lat' dir='ltr'>Dionysium</span> <span class='ocrx_word' id='word_1_20' title='bbox 1903 2278 2230 2355; x_wconf 84' lang='lat' dir='ltr'><strong>minorem,</strong></span> <span class='ocrx_word' id='word_1_21' title='bbox 2278 2299 2401 2361; x_wconf 91' lang='lat' dir='ltr'>quo</span> <span class='ocrx_word' id='word_1_22' title='bbox 2446 2286 2725 2360; x_wconf 87' lang='lat' dir='ltr'>tempore</span> 
     </span>
     <span class='ocr_line' id='line_1_6' title="bbox 712 2394 2726 2481; baseline 0 -24"><span class='ocrx_word' id='word_1_23' title='bbox 712 2394 832 2458; x_wconf 93' lang='lat' dir='ltr'>Dio</span> <span class='ocrx_word' id='word_1_24' title='bbox 891 2395 955 2458; x_wconf 90' lang='lat' dir='ltr'>in</span> <span class='ocrx_word' id='word_1_25' title='bbox 1015 2394 1430 2479; x_wconf 82' lang='lat' dir='ltr'>Peloponneso</span> <span class='ocrx_word' id='word_1_26' title='bbox 1492 2396 1695 2481; x_wconf 89' lang='lat' dir='ltr'>copias</span> <span class='ocrx_word' id='word_1_27' title='bbox 1755 2397 2003 2481; x_wconf 86' lang='lat' dir='ltr'><strong>parabat</strong></span> <span class='ocrx_word' id='word_1_28' title='bbox 2070 2405 2142 2460; x_wconf 89' lang='lat' dir='ltr'>ut</span> <span class='ocrx_word' id='word_1_29' title='bbox 2200 2396 2581 2481; x_wconf 75' lang='lat' dir='ltr'>tyrannidem</span> <span class='ocrx_word' id='word_1_30' title='bbox 2625 2394 2726 2457; x_wconf 93' lang='lat' dir='ltr'>illi</span> 
     </span>
     <span class='ocr_line' id='line_1_7' title="bbox 711 2512 2721 2599; baseline -0 -23"><span class='ocrx_word' id='word_1_31' title='bbox 711 2514 966 2597; x_wconf 84' lang='lat' dir='ltr'>eriperet</span> <span class='ocrx_word' id='word_1_32' title='bbox 1010 2519 1070 2576; x_wconf 86' lang='lat' dir='ltr'>et</span> <span class='ocrx_word' id='word_1_33' title='bbox 1116 2512 1380 2577; x_wconf 85' lang='lat' dir='ltr'>Siciliam</span> <span class='ocrx_word' id='word_1_34' title='bbox 1412 2514 1476 2579; x_wconf 87' lang='lat' dir='ltr'>in</span> <span class='ocrx_word' id='word_1_35' title='bbox 1507 2514 1847 2578; x_wconf 83' lang='lat' dir='ltr'>libertatem</span> <span class='ocrx_word' id='word_1_36' title='bbox 1878 2515 2227 2579; x_wconf 84' lang='lat' dir='ltr'>vindicaret.</span> <span class='ocrx_word' id='word_1_37' title='bbox 2295 2515 2567 2599; x_wconf 85' lang='lat' dir='ltr'>Apparet</span> <span class='ocrx_word' id='word_1_38' title='bbox 2597 2514 2721 2576; x_wconf 91' lang='lat' dir='ltr'>hoc</span> 
     </span>
     <span class='ocr_line' id='line_1_8' title="bbox 712 2631 2727 2718; baseline 0 -23"><span class='ocrx_word' id='word_1_39' title='bbox 712 2654 784 2695; x_wconf 86' lang='lat' dir='ltr'>ex</span> <span class='ocrx_word' id='word_1_40' title='bbox 827 2631 1004 2695; x_wconf 86' lang='lat' dir='ltr'>initio</span> <span class='ocrx_word' id='word_1_41' title='bbox 1050 2631 1181 2717; x_wconf 86' lang='lat' dir='ltr'>(D),</span> <span class='ocrx_word' id='word_1_42' title='bbox 1231 2632 1338 2697; x_wconf 92' lang='lat' dir='ltr'>ubi</span> <span class='ocrx_word' id='word_1_43' title='bbox 1376 2632 1709 2717; x_wconf 81' lang='lat' dir='ltr'><strong>Dionysius</strong></span> <span class='ocrx_word' id='word_1_44' title='bbox 1741 2633 1965 2697; x_wconf 82' lang='lat' dir='ltr'>dicitur</span> <span class='ocrx_word' id='word_1_45' title='bbox 1994 2632 2239 2698; x_wconf 83' lang='lat' dir='ltr'>Platoni</span> <span class='ocrx_word' id='word_1_46' title='bbox 2270 2632 2559 2718; x_wconf 87' lang='lat' dir='ltr'>objecisse</span> <span class='ocrx_word' id='word_1_47' title='bbox 2589 2654 2727 2716; x_wconf 85' lang='lat' dir='ltr'>per-</span> 
     </span>
     <span class='ocr_line' id='line_1_9' title="bbox 709 2749 2722 2830; baseline 0 -18"><span class='ocrx_word' id='word_1_48' title='bbox 709 2749 947 2827; x_wconf 86' lang='lat' dir='ltr'>fidiam,</span> <span class='ocrx_word' id='word_1_49' title='bbox 1027 2752 1099 2821; x_wconf 78' lang='grc' dir='ltr'>ὥς</span> <span class='ocrx_word' id='word_1_50' title='bbox 1173 2757 1267 2815; x_wconf 81' lang='grc' dir='ltr'>νῦν</span> <span class='ocrx_word' id='word_1_51' title='bbox 1308 2799 1322 2814; x_wconf 93' lang='grc'><strong>.</strong></span> <span class='ocrx_word' id='word_1_52' title='bbox 1351 2800 1365 2815; x_wconf 92' lang='grc'><strong>.</strong></span> <span class='ocrx_word' id='word_1_53' title='bbox 1393 2799 1408 2815; x_wconf 93' lang='grc'><strong>.</strong></span> <span class='ocrx_word' id='word_1_54' title='bbox 1479 2759 1595 2823; x_wconf 79' lang='grc' dir='ltr'>τοῖς</span> <span class='ocrx_word' id='word_1_55' title='bbox 1664 2752 2000 2830; x_wconf 70' lang='grc' dir='ltr'><em>διανοήμασι</em></span> <span class='ocrx_word' id='word_1_56' title='bbox 2070 2760 2187 2824; x_wconf 79' lang='grc' dir='ltr'><em>τοῖς</em></span> <span class='ocrx_word' id='word_1_57' title='bbox 2255 2759 2370 2822; x_wconf 83' lang='grc' dir='ltr'><em>σοῖς</em></span> <span class='ocrx_word' id='word_1_58' title='bbox 2440 2752 2542 2825; x_wconf 72' lang='grc' dir='ltr'>τὴν</span> <span class='ocrx_word' id='word_1_59' title='bbox 2612 2751 2722 2825; x_wconf 74' lang='grc' dir='ltr'>σὴν</span> 
     </span>
     <span class='ocr_line' id='line_1_10' title="bbox 708 2866 2717 2949; baseline 0 -18"><span class='ocrx_word' id='word_1_60' title='bbox 708 2868 897 2948; x_wconf 69' lang='grc' dir='ltr'><em>ἀρχὴν</em></span> <span class='ocrx_word' id='word_1_61' title='bbox 954 2868 1357 2949; x_wconf 66' lang='grc' dir='ltr'><em>ἀφαιρούμεθα</em></span> <span class='ocrx_word' id='word_1_62' title='bbox 1417 2893 1502 2934; x_wconf 84' lang='grc' dir='ltr'>σε.</span> <span class='ocrx_word' id='word_1_63' title='bbox 1603 2868 1779 2932; x_wconf 86' lang='lat' dir='ltr'>Plato</span> <span class='ocrx_word' id='word_1_64' title='bbox 1841 2868 1990 2933; x_wconf 87' lang='lat' dir='ltr'>abiit</span> <span class='ocrx_word' id='word_1_65' title='bbox 2052 2891 2124 2932; x_wconf 88' lang='lat' dir='ltr'>ex</span> <span class='ocrx_word' id='word_1_66' title='bbox 2184 2868 2391 2933; x_wconf 84' lang='lat' dir='ltr'>Sicilia</span> <span class='ocrx_word' id='word_1_67' title='bbox 2436 2890 2487 2931; x_wconf 89' lang='lat' dir='ltr'><strong>a.</strong></span> <span class='ocrx_word' id='word_1_68' title='bbox 2537 2890 2590 2930; x_wconf 88' lang='lat' dir='ltr'><strong>a.</strong></span> <span class='ocrx_word' id='word_1_69' title='bbox 2644 2866 2717 2931; x_wconf 85' lang='lat' dir='ltr'>G.</span> 
     </span>
     <span class='ocr_line' id='line_1_11' title="bbox 709 2984 2721 3072; baseline 0 -23"><span class='ocrx_word' id='word_1_70' title='bbox 709 2988 873 3060; x_wconf 84' lang='grc' dir='ltr'>36ος</span> <span class='ocrx_word' id='word_1_71' title='bbox 936 2985 1056 3049; x_wconf 92' lang='lat' dir='ltr'>Dio</span> <span class='ocrx_word' id='word_1_72' title='bbox 1114 2992 1317 3050; x_wconf 84' lang='lat' dir='ltr'>autem</span> <span class='ocrx_word' id='word_1_73' title='bbox 1379 2986 1630 3050; x_wconf 84' lang='lat' dir='ltr'><strong>classem</strong></span> <span class='ocrx_word' id='word_1_74' title='bbox 1691 2986 1767 3049; x_wconf 86' lang='lat' dir='ltr'><strong>ad</strong></span> <span class='ocrx_word' id='word_1_75' title='bbox 1827 2988 2090 3051; x_wconf 87' lang='lat' dir='ltr'>insulam</span> <span class='ocrx_word' id='word_1_76' title='bbox 2153 2986 2391 3072; x_wconf 82' lang='lat' dir='ltr'>appulit</span> <span class='ocrx_word' id='word_1_77' title='bbox 2436 3010 2491 3050; x_wconf 89' lang='lat' dir='ltr'><strong>a.</strong></span> <span class='ocrx_word' id='word_1_78' title='bbox 2540 3009 2592 3049; x_wconf 89' lang='lat' dir='ltr'><strong>a.</strong></span> <span class='ocrx_word' id='word_1_79' title='bbox 2644 2984 2721 3049; x_wconf 89' lang='lat' dir='ltr'>C.</span> 
     </span>
     <span class='ocr_line' id='line_1_12' title="bbox 712 3103 2719 3190; baseline 0 -23"><span class='ocrx_word' id='word_1_80' title='bbox 712 3106 860 3168; x_wconf 85' lang='lat'>357.</span> <span class='ocrx_word' id='word_1_81' title='bbox 955 3103 1159 3184; x_wconf 78' lang='lat' dir='ltr'><strong>Quare</strong></span> <span class='ocrx_word' id='word_1_82' title='bbox 1221 3106 1478 3189; x_wconf 89' lang='lat' dir='ltr'>epistola</span> <span class='ocrx_word' id='word_1_83' title='bbox 1524 3106 1749 3189; x_wconf 82' lang='lat' dir='ltr'>scripta</span> <span class='ocrx_word' id='word_1_84' title='bbox 1796 3128 1922 3169; x_wconf 89' lang='lat' dir='ltr'><strong>esse</strong></span> <span class='ocrx_word' id='word_1_85' title='bbox 1968 3106 2222 3190; x_wconf 84' lang='lat' dir='ltr'>fingitur</span> <span class='ocrx_word' id='word_1_86' title='bbox 2268 3128 2321 3169; x_wconf 88' lang='lat' dir='ltr'><strong>a.</strong></span> <span class='ocrx_word' id='word_1_87' title='bbox 2372 3127 2423 3168; x_wconf 91' lang='lat' dir='ltr'><strong>a.</strong></span> <span class='ocrx_word' id='word_1_88' title='bbox 2474 3104 2542 3168; x_wconf 85' lang='lat' dir='ltr'>G.</span> <span class='ocrx_word' id='word_1_89' title='bbox 2588 3106 2719 3167; x_wconf 82' lang='lat'>359</span> 
     </span>
     <span class='ocr_line' id='line_1_13' title="bbox 710 3222 2353 3302; baseline 0.001 -17"><span class='ocrx_word' id='word_1_90' title='bbox 710 3222 808 3285; x_wconf 89' lang='lat' dir='ltr'>vel</span> <span class='ocrx_word' id='word_1_91' title='bbox 855 3224 1002 3286; x_wconf 86' lang='lat'>358.</span> <span class='ocrx_word' id='word_1_92' title='bbox 2347 3297 2353 3302; x_wconf 88' lang='lat'><em>.</em></span> 
     </span>
    </p>

    <p class='ocr_par' dir='ltr' id='par_1_5' title="bbox 701 3338 2726 4256">
     <span class='ocr_line' id='line_1_14' title="bbox 791 3338 2719 3425; baseline -0.001 -22"><span class='ocrx_word' id='word_1_93' title='bbox 791 3338 1198 3405; x_wconf 85' lang='lat' dir='ltr'>Summarium</span> <span class='ocrx_word' id='word_1_94' title='bbox 1244 3340 1359 3403; x_wconf 90' lang='lat' dir='ltr'>hoc</span> <span class='ocrx_word' id='word_1_95' title='bbox 1407 3347 1516 3404; x_wconf 88' lang='lat' dir='ltr'>est.</span> <span class='ocrx_word' id='word_1_96' title='bbox 1588 3338 1890 3404; x_wconf 87' lang='lat' dir='ltr'>Nonnihil</span> <span class='ocrx_word' id='word_1_97' title='bbox 1936 3341 2241 3425; x_wconf 83' lang='lat' dir='ltr'><strong>praefatus</strong></span> <span class='ocrx_word' id='word_1_98' title='bbox 2288 3339 2363 3403; x_wconf 89' lang='lat' dir='ltr'>de</span> <span class='ocrx_word' id='word_1_99' title='bbox 2406 3338 2719 3402; x_wconf 83' lang='lat' dir='ltr'><strong>salutandi</strong></span> 
     </span>
     <span class='ocr_line' id='line_1_15' title="bbox 701 3454 2717 3538; baseline 0 -18"><span class='ocrx_word' id='word_1_100' title='bbox 701 3457 976 3521; x_wconf 84' lang='lat' dir='ltr'>formulis</span> <span class='ocrx_word' id='word_1_101' title='bbox 1020 3458 1246 3538; x_wconf 80' lang='grc' dir='ltr'><em>χαίρειν</em></span> <span class='ocrx_word' id='word_1_102' title='bbox 1293 3466 1354 3521; x_wconf 86' lang='lat' dir='ltr'>et-</span> <span class='ocrx_word' id='word_1_103' title='bbox 1383 3454 1448 3523; x_wconf 75' lang='grc' dir='ltr'>εὖ</span> <span class='ocrx_word' id='word_1_104' title='bbox 1477 3456 1779 3537; x_wconf 67' lang='grc' dir='ltr'><em>πράττειν,</em></span> <span class='ocrx_word' id='word_1_105' title='bbox 1821 3457 1971 3522; x_wconf 86' lang='lat' dir='ltr'>dicit</span> <span class='ocrx_word' id='word_1_106' title='bbox 2011 3481 2073 3521; x_wconf 92' lang='lat' dir='ltr'>se</span> <span class='ocrx_word' id='word_1_107' title='bbox 2105 3458 2409 3521; x_wconf 85' lang='lat' dir='ltr'><strong>audivisse</strong></span> <span class='ocrx_word' id='word_1_108' title='bbox 2439 3479 2717 3521; x_wconf 84' lang='lat' dir='ltr'>rumores</span> 
     </span>
     <span class='ocr_line' id='line_1_16' title="bbox 703 3574 2719 3660; baseline 0 -23"><span class='ocrx_word' id='word_1_109' title='bbox 703 3597 737 3637; x_wconf 87' lang='lat' dir='ltr'><strong>a</strong></span> <span class='ocrx_word' id='word_1_110' title='bbox 781 3574 1075 3659; x_wconf 85' lang='lat' dir='ltr'>Dionysio</span> <span class='ocrx_word' id='word_1_111' title='bbox 1123 3575 1349 3660; x_wconf 80' lang='lat' dir='ltr'>spargi,</span> <span class='ocrx_word' id='word_1_112' title='bbox 1401 3575 1566 3659; x_wconf 87' lang='lat' dir='ltr'>quod</span> <span class='ocrx_word' id='word_1_113' title='bbox 1612 3575 1833 3660; x_wconf 84' lang='lat' dir='ltr'>(Plato)</span> <span class='ocrx_word' id='word_1_114' title='bbox 1880 3598 2045 3640; x_wconf 89' lang='lat' dir='ltr'>nunc</span> <span class='ocrx_word' id='word_1_115' title='bbox 2090 3576 2279 3639; x_wconf 88' lang='lat' dir='ltr'>Dioni</span> <span class='ocrx_word' id='word_1_116' title='bbox 2325 3574 2609 3639; x_wconf 78' lang='lat' dir='ltr'>suaderet</span> <span class='ocrx_word' id='word_1_117' title='bbox 2642 3596 2719 3637; x_wconf 91' lang='lat' dir='ltr'>ea</span> 
     </span>
     <span class='ocr_line' id='line_1_17' title="bbox 701 3692 2724 3779; baseline 0 -25"><span class='ocrx_word' id='word_1_118' title='bbox 701 3693 834 3777; x_wconf 89' lang='lat' dir='ltr'><strong>ipsa</strong></span> <span class='ocrx_word' id='word_1_119' title='bbox 903 3693 1094 3758; x_wconf 82' lang='lat' dir='ltr'>facere</span> <span class='ocrx_word' id='word_1_120' title='bbox 1109 3744 1128 3772; x_wconf 86' lang='lat'><em>,</em></span> <span class='ocrx_word' id='word_1_121' title='bbox 1203 3716 1358 3777; x_wconf 88' lang='lat' dir='ltr'><strong>quae</strong></span> <span class='ocrx_word' id='word_1_122' title='bbox 1429 3694 1725 3779; x_wconf 79' lang='lat' dir='ltr'>Dionysio</span> <span class='ocrx_word' id='word_1_123' title='bbox 1796 3716 1959 3779; x_wconf 91' lang='lat' dir='ltr'>quon</span> <span class='ocrx_word' id='word_1_124' title='bbox 1968 3695 2107 3759; x_wconf 87' lang='lat' dir='ltr'>dam</span> <span class='ocrx_word' id='word_1_125' title='bbox 2169 3695 2363 3759; x_wconf 80' lang='lat' dir='ltr'>facere</span> <span class='ocrx_word' id='word_1_126' title='bbox 2424 3692 2724 3776; x_wconf 77' lang='lat' dir='ltr'>cogitanti</span> 
     </span>
     <span class='ocr_line' id='line_1_18' title="bbox 701 3810 2725 3899; baseline 0 -26"><span class='ocrx_word' id='word_1_127' title='bbox 701 3810 1118 3891; x_wconf 80' lang='lat' dir='ltr'>dissuasisset,</span> <span class='ocrx_word' id='word_1_128' title='bbox 1181 3836 1398 3899; x_wconf 84' lang='lat' dir='ltr'>nempe</span> <span class='ocrx_word' id='word_1_129' title='bbox 1457 3814 1525 3879; x_wconf 83' lang='grc' dir='ltr'>τὸ</span> <span class='ocrx_word' id='word_1_130' title='bbox 1569 3814 1680 3885; x_wconf 70' lang='grc' dir='ltr'>τὰς</span> <span class='ocrx_word' id='word_1_131' title='bbox 1750 3814 2091 3891; x_wconf 71' lang='grc' dir='ltr'><em>Ἑλληνίδας</em></span> <span class='ocrx_word' id='word_1_132' title='bbox 2147 3814 2343 3887; x_wconf 78' lang='grc' dir='ltr'><em>πόλεις</em></span> <span class='ocrx_word' id='word_1_133' title='bbox 2388 3811 2612 3892; x_wconf 82' lang='grc' dir='ltr'><em>οἰκίζειν</em></span> <span class='ocrx_word' id='word_1_134' title='bbox 2659 3820 2725 3875; x_wconf 85' lang='lat' dir='ltr'>et</span> 
     </span>
     <span class='ocr_line' id='line_1_19' title="bbox 703 3929 2720 4016; baseline 0.001 -24"><span class='ocrx_word' id='word_1_135' title='bbox 703 3930 805 4003; x_wconf 70' lang='grc' dir='ltr'>τὴν</span> <span class='ocrx_word' id='word_1_136' title='bbox 849 3931 1037 4010; x_wconf 68' lang='grc' dir='ltr'><em>ἀρχὴν</em></span> <span class='ocrx_word' id='word_1_137' title='bbox 1081 3932 1146 3995; x_wconf 81' lang='grc' dir='ltr'>ἐκ</span> <span class='ocrx_word' id='word_1_138' title='bbox 1189 3932 1505 4011; x_wconf 79' lang='grc' dir='ltr'><em>τυραννίδος</em></span> <span class='ocrx_word' id='word_1_139' title='bbox 1552 3934 1630 4005; x_wconf 83' lang='grc' dir='ltr'>εἷς</span> <span class='ocrx_word' id='word_1_140' title='bbox 1660 3931 1975 4010; x_wconf 79' lang='grc' dir='ltr'><em>βασιλείαν</em></span> <span class='ocrx_word' id='word_1_141' title='bbox 2006 3932 2561 4016; x_wconf 75' lang='grc' dir='ltr'>μεταστῆσαι’(315</span> <span class='ocrx_word' id='word_1_142' title='bbox 2589 3929 2720 4015; x_wconf 90' lang='lat' dir='ltr'><strong>D.).</strong></span> 
     </span>
     <span class='ocr_line' id='line_1_20' title="bbox 707 4045 2726 4136; baseline 0 -25"><span class='ocrx_word' id='word_1_143' title='bbox 707 4045 872 4111; x_wconf 84' lang='lat' dir='ltr'><strong>Huic</strong></span> <span class='ocrx_word' id='word_1_144' title='bbox 916 4051 1144 4114; x_wconf 81' lang='lat' dir='ltr'>recenti</span> <span class='ocrx_word' id='word_1_145' title='bbox 1189 4050 1597 4114; x_wconf 85' lang='lat' dir='ltr'>criminationi</span> <span class='ocrx_word' id='word_1_146' title='bbox 1638 4050 1809 4115; x_wconf 87' lang='lat' dir='ltr'>addit</span> <span class='ocrx_word' id='word_1_147' title='bbox 1843 4058 2104 4116; x_wconf 87' lang='lat' dir='ltr'>veterem</span> <span class='ocrx_word' id='word_1_148' title='bbox 2121 4102 2140 4130; x_wconf 91' lang='lat'>‚</span> <span class='ocrx_word' id='word_1_149' title='bbox 2174 4051 2480 4136; x_wconf 87' lang='lat' dir='ltr'>quondam</span> <span class='ocrx_word' id='word_1_150' title='bbox 2514 4072 2549 4113; x_wconf 93' lang='lat' dir='ltr'><strong>a</strong></span> <span class='ocrx_word' id='word_1_151' title='bbox 2578 4049 2726 4112; x_wconf 90' lang='lat' dir='ltr'>Phi-</span> 
     </span>
     <span class='ocr_line' id='line_1_21' title="bbox 707 4165 2724 4256; baseline 0.002 -28"><span class='ocrx_word' id='word_1_152' title='bbox 707 4165 910 4231; x_wconf 89' lang='lat' dir='ltr'>listide</span> <span class='ocrx_word' id='word_1_153' title='bbox 957 4176 1018 4232; x_wconf 89' lang='lat' dir='ltr'>et</span> <span class='ocrx_word' id='word_1_154' title='bbox 1062 4169 1196 4233; x_wconf 88' lang='lat' dir='ltr'>aliis</span> <span class='ocrx_word' id='word_1_155' title='bbox 1243 4170 1580 4234; x_wconf 86' lang='lat' dir='ltr'>aulicorum</span> <span class='ocrx_word' id='word_1_156' title='bbox 1625 4170 1887 4254; x_wconf 86' lang='lat' dir='ltr'>maligne</span> <span class='ocrx_word' id='word_1_157' title='bbox 1934 4194 2199 4256; x_wconf 83' lang='lat' dir='ltr'><strong>sparsam</strong></span> <span class='ocrx_word' id='word_1_158' title='bbox 2216 4221 2234 4249; x_wconf 89' lang='lat'><em>‚</em></span> <span class='ocrx_word' id='word_1_159' title='bbox 2292 4168 2724 4234; x_wconf 86' lang='lat' dir='ltr'>dictitantibus</span> 
     </span>
    </p>
   </div>
  </div>
 </body>
</html>
