3025 5067
1612 400 1694 461 32

647 607 871 671 iterum
916 614 1295 672 transvectus
1343 615 1436 672 est
1480 607 1546 671 in
1586 607 1854 672 Siciliam
1868 656 1887 685 ,
1916 629 2162 692 sperans
2194 606 2321 671 fore
2352 614 2426 671 ut
2454 628 2655 691 regem

639 728 927 813 juvenem
973 750 1162 812 aeque
1220 727 1395 791 facile
1442 749 1511 791 ac
1557 726 1820 791 Dionem
1866 725 2215 791 incenderet
2250 728 2523 810 ἐπιθυμίᾳ
2550 736 2655 801 τῆς

644 844 968 927 φιλοσόφου
1013 845 1155 927 ζωῆς
1173 896 1190 927 ,
1229 852 1422 929 utque
1461 845 1649 909 huius
1680 867 1795 931 ope
1825 844 2246 931 philosophiae
2278 845 2463 929 vulgo
2495 868 2657 929 spre-

643 972 742 1027 tae
787 986 934 1029 suus
976 963 1328 1029 redderetur
1358 964 1572 1029 honos,
1642 964 1761 1028 Sed
1792 988 1959 1050 spem
1992 964 2208 1029 fefellit
2244 971 2515 1029 eventus,
2568 964 2655 1028 Ut

644 1084 812 1147 venit
855 1082 1216 1168 Syracusae,
1264 1105 1404 1147 mox
1452 1090 1743 1167 uterquc,
1791 1083 1969 1147 Plato
2012 1090 2073 1148 et
2102 1083 2259 1162 Dio,
2294 1106 2402 1168 per
2432 1083 2655 1147 calum-

645 1203 908 1267 niatores
977 1203 1039 1267 in
1117 1203 1525 1287 suspicionem
1580 1211 1641 1266 et
1699 1202 1991 1267 invidiam
2047 1203 2289 1287 tyranni
2347 1210 2492 1267 sunt
2554 1202 2655 1266 ad-

647 1322 858 1400 ducti3
907 1321 1026 1385 Dio
1070 1322 1138 1386 in
1183 1320 1463 1386 exsilium
1507 1321 1730 1386 missus
1776 1326 1901 1411 est-3
1934 1321 2065 1407 ipse
2096 1321 2427 1386 honorifica
2458 1322 2653 1406 specie

643 1441 709 1503 in
755 1440 896 1504 aula
942 1448 1215 1505 retentus
1261 1448 1554 1524 tanquam
1603 1441 1906 1525 captivuS‚
1969 1440 2196 1504 frustra
2240 1440 2537 1504 laboravit
2582 1448 2654 1503 ut

610 1568 962 1643 tyrannum
1012 1559 1090 1621 ad
1133 1558 1442 1623 meliorem
1488 1565 1754 1623 mentem
1797 1557 2130 1623 reduceret.

729 1677 896 1741 Haec
972 1700 1129 1761 quae
1203 1678 1412 1763 paucis
1491 1678 1745 1763 exposui
1810 1678 1874 1741 in
1950 1677 2208 1763 epistola
2285 1677 2516 1762 prolixe
2562 1686 2652 1741 ‘et

638 1796 885 1860 verbose
945 1803 1323 1861 enarrantur.
1417 1794 1865 1861 Commemorat
1926 1819 2049 1861 non
2092 1803 2335 1860 tantum
2349 1846 2368 1873 ,
2424 1794 2649 1879 quibus

637 1917 1010 2000 argumentis
1091 1916 1438 2000 quibusque
1497 1916 1695 1980 verbis
1762 1915 1884 1980 Dio
1945 1914 2020 1978 ad
2084 1915 2516 2001 profectionem
2586 1914 2648 1977 in

639 2034 906 2099 Siciliam
969 2057 1031 2099 se
1091 2034 1400 2122 impellere
1462 2034 1804 2112 studuerit,
1868 2043 1927 2098 et
1982 2056 2137 2117 quae
2196 2034 2326 2118 ipse
2389 2032 2646 2117 singulis

549 2183 554 2197 ·
639 2153 806 2217 illius
885 2152 1258 2237 argumentis
1327 2151 1736 2237 responderit,
1817 2151 1923 2216 sed
1991 2151 2068 2215 ad
2134 2152 2222 2215 rei
2290 2152 2645 2236 gravitatem

638 2270 977 2356 augendam
1032 2271 1209 2355 fingit
1269 2270 1533 2335 Dionem
1601 2270 1805 2355 ipsum
1874 2292 2075 2334 coram
2144 2292 2207 2333 se
2260 2276 2532 2333 orantem
2585 2276 2646 2331 et

637 2389 1055 2475 philosophiae
1115 2390 1360 2453 nomine
1420 2411 1484 2452 se
1546 2388 1949 2453 obtestantem
1965 2363 1991 2465 ,ι
2055 2410 2133 2451 ne
2192 2394 2317 2450 tam
2371 2387 2642 2471 pulcram

633 2509 1008 2573 occasionem
1067 2507 1490 2593 philosophiae
1543 2507 1952 2572 honestandae
2012 2506 2366 2571 dimitteret.
2469 2504 2645 2586 Quae

560 2602 568 2609 ⁹
634 2629 837 2691 omnia
904 2628 992 2691 ita
1051 2627 1387 2713 composita
1447 2633 1627 2703 sunt,
1690 2635 1763 2689 ut
1819 2627 2084 2690 fucatam
2130 2625 2389 2689 rhetoris
2435 2624 2644 2689 dictio-

633 2770 770 2811 nem
815 2745 1130 2810 manifeste
1178 2767 1320 2831 prae
1366 2768 1428 2808 se
1472 2745 1689 2808 ferant.

725 2864 842 2929 Hic
913 2873 1116 2928 autem
1165 2864 1488 2948 derepente
1533 2863 1939 2927 narrationem
1986 2862 2311 2946 abrumpit.
2391 2859 2637 2940 „Quam

636 2984 713 3047 ob
759 3006 1000 3047 causam
1018 3033 1037 3062 ,
1084 2983 1318 3067 inquit,
1359 2982 1569 3046 relicta
1617 2982 1855 3059 Sicilia,
1904 2990 2114 3066 postea
2159 2982 2337 3045 tertio
2384 2980 2532 3044 illuc
2556 2988 2642 3044 r'e-

634 3101 847 3166 dierim
864 3150 883 3179 ,
931 3100 994 3165 id
1041 3100 1296 3164 narrabo
1314 3149 1333 3177 ,
1367 3101 1419 3163 si
1446 3100 1616 3185 prius
1649 3100 1972 3164 consilium
2004 3099 2175 3163 vobis
2199 3099 2421 3163 dedero
2436 3147 2455 3176 ,
2490 3098 2639 3183 quid

633 3220 697 3283 in
756 3220 1056 3304 praesenti
1119 3242 1321 3283 rerum
1383 3226 1548 3281 statu
1595 3218 1940 3282 faciendum
1986 3220 2099 3297 sit,
2148 3242 2223 3282 ne
2276 3218 2530 3283 forsitan
2575 3217 2641 3281 id

630 3338 798 3423 quod
842 3338 1001 3417 ἔργον
1054 3346 1148 3401 est
1193 3338 1354 3400 sicut
1408 3334 1691 3418 πάρεργον
1737 3343 1995 3400 tractare
2036 3336 2266 3413 videar,
2303 3361 2361 3422 p.
2397 3338 2522 3409 330
2550 3334 2635 3398 C:

631 3453 704 3521 ὧν
756 3457 814 3520 δὲ
873 3455 1040 3521 ἕνεκα
1098 3456 1198 3520 καὶ
1251 3454 1362 3520 ὅσοι
1421 3452 1651 3535 ἔπραξα
1676 3506 1694 3531 ,
1744 3456 1877 3533 ὑμῖν
1923 3460 2136 3536 πρῶτον
2184 3453 2634 3533 ξυμβουλεύω-κς

630 3572 674 3639 ἃ
731 3576 847 3655 χρὴ
906 3581 1082 3640 ποιεῖν
1107 3624 1120 3637 .
1147 3624 1162 3640 .
1191 3623 1206 3639 .
1236 3624 1250 3639 .
1270 3623 1284 3647 ,
1338 3571 1564 3654 ὕστερον
1624 3572 1705 3637 τὰ
1765 3574 1889 3653 περὶ
1949 3579 2148 3669 ταῦτα
2176 3623 2190 3638 .
2218 3620 2235 3637 .
2264 3624 2275 3634 .
2300 3624 2313 3636 .
2374 3570 2635 3649 διέξειμι,

628 3691 722 3758 ἵνα
765 3696 850 3772 μὴ
894 3694 974 3758 τὰ
1020 3692 1289 3772 πάρεργα
1333 3694 1404 3765 ὥς
1449 3692 1597 3773 ἔργα
1645 3691 1742 3770 μοὶ
1787 3690 2084 3774 ξυμβαίνῃ
2130 3691 2446 3769 λεγόμεναι.
2495 3689 2638 3753 Sen-

629 3814 710 3877 sit
790 3814 921 3897 ipse
998 3811 1284 3895 scriptor,
1355 3809 1524 3894 quod
1592 3817 1895 3874 attentum
1968 3810 2255 3875 lectorem
2331 3810 2634 3875 neminem

626 3930 855 4015 fugiat,
919 3952 1075 4014 quae
1130 3928 1422 3993 hactenus
1469 3928 1737 3992 narravit
1782 3951 1851 3992 ea
1896 3927 1975 3992 ad
2019 3951 2146 3992 rem
2191 3950 2376 4013 quam
2420 3935 2636 3991 tracta-

625 4057 803 4114 turus
850 4057 940 4113 est
987 4036 1200 4133 parum
1231 4047 1549 4132 pertinere.
1620 4045 1788 4127 Quid
1836 4046 2038 4111 enim?
2107 4047 2296 4110 Initio
2341 4046 2630 4133 epistolae

628 4168 783 4232 dixit
843 4190 906 4231 se
969 4168 1233 4254 primum
1294 4166 1749 4250 expositurum,
1815 4167 1977 4231 unde
2036 4166 2222 4230 Dioni
2285 4174 2441 4252 nata·
2474 4173 2630 4229 esset
