3025 5067
1614 353 1734 458 14⁹6

660 603 727 671 τὸ
756 601 1030 684 πράττειν
1062 602 1236 684 ἐστὶν,
1272 606 1307 679 ἦ
1339 601 1387 666 δ’
1410 603 1690 668 abactam
1720 603 1925 684 ἐρημία
1952 600 2219 678 ξύνοικος.
2263 600 2471 666 Simile
2501 601 2577 668 de
2608 624 2691 666 eo

656 723 958 808 judicium
1003 721 1122 785 fert
1159 721 1525 786 Plutarchus
1538 771 1557 800 ,
1606 721 1790 785 Dion.
1836 743 1886 784 c.
1916 723 1989 784 8:
2028 722 2239 797 ἀμέλει
2270 721 2327 787 δὲ
2364 722 2462 786 καὶ
2502 720 2691 801 Φύσει

660 841 792 906 τινα
837 841 902 905 τὸ
949 838 1069 916 ἦθος
1115 839 1284 917 ὄγκον
1331 835 1492 922 εἶχεν
1540 844 1717 908 αὐτοῦ
1767 840 1865 905 καὶ
1912 839 2273 921 τραχύτητα
2312 840 2692 920 δυσ-πρόσοδον

660 959 905 1034 ἐντεύξει
951 960 1050 1023 καὶ
1097 958 1517 1037 δυσξύμβολον.
1544 961 1586 1043 ¹)
1635 958 1835 1039 Quam
1876 967 2080 1024 autem
2112 959 2286 1026 exsul
2318 959 2695 1024 excitaverat

659 1101 828 1164 spem
874 1079 1283 1144 restituendae
1328 1079 1626 1143 libertatis
1641 1128 1659 1156 ,
1710 1101 1840 1142 eam
1871 1079 2124 1164 imperio
2157 1078 2389 1163 potitus
2422 1100 2547 1142 non
2580 1100 2695 1142 ex-

663 1198 884 1282 plevit,
956 1197 1063 1261 sed
1123 1197 1241 1262 sibi
1300 1197 1688 1281 familiaeque
1744 1218 1888 1261 suae
1951 1197 2361 1282 principatum
2409 1196 2695 1262 stabilire

664 1324 918 1380 conatus
966 1323 1074 1382 est.
1149 1316 1326 1383 Idem
1369 1315 1759 1384 Heraclidem
1805 1316 2075 1380 consiliis
2107 1317 2232 1380 suis
2265 1316 2694 1382 adversantem

665 1435 807 1500 dolo
856 1435 1127 1499 sustulit.
1191 1433 1412 1518 Itaque
1459 1435 1735 1518 quamvis
1784 1433 2083 1500 nefarium
2136 1435 2355 1499 merito
2386 1435 2695 1500 habeatur

664 1553 931 1639 Callippi
974 1553 1247 1630 facium,
1317 1553 1439 1617 Dio
1500 1561 1705 1619 tamen
1752 1576 1935 1617 suum
1982 1555 2112 1639 ipse
2158 1554 2503 1640 exemplum
2548 1576 2695 1638 pas-

665 1695 768 1738 sus
815 1679 925 1737 est.

750 1907 828 1972 In
871 1909 946 1972 iis
993 1916 1198 1973 autem
1244 1930 1400 1992 quae
1445 1908 1623 1972 Plato
1671 1908 1747 1973 de
1793 1931 1855 1972 se
1885 1909 2016 1994 ipse
2046 1908 2303 1993 loquens
2329 1909 2687 1988 inducitur,

663 2027 832 2092 haud
887 2049 1082 2112 pauca
1141 2034 1287 2091 sunt
1331 2027 1396 2091 in
1459 2027 1684 2111 quibus
1730 2026 1989 2091 nimium
2046 2049 2109 2090 se
2156 2049 2303 2092 suae
2348 2027 2692 2113 sapientiae

666 2154 726 2212 et
772 2168 1020 2211 suarum
1066 2145 1320 2212 laudum
1364 2168 1724 2231 praeconem
1773 2146 2021 2231 praebet
2037 2196 2056 2225 ,
2106 2146 2279 2210 velut
2322 2147 2387 2210 in
2418 2147 2493 2209 iis
2524 2168 2695 2230 quae

664 2265 925 2330 Dionem
973 2266 1049 2329 de
1093 2288 1204 2329 sua
1247 2266 1635 2330 institutione
1682 2265 1983 2331 dicentem
2028 2265 2205 2344 facit,
2250 2289 2312 2351 p.
2346 2267 2471 2330 327
2508 2263 2557 2328 C
2588 2263 2690 2343 D,

667 2384 797 2448 328
867 2383 925 2447 D
1007 2383 1061 2447 E
1077 2411 1096 2462 3
1169 2393 1276 2448 aut
1365 2406 1524 2468 quae
1592 2383 1667 2450 de
1740 2406 1851 2448 sua
1916 2385 2046 2470 ipse
2114 2383 2407 2450 facultate
2474 2383 2697 2450 scribit

666 2525 724 2588 p.
777 2505 902 2568 341
937 2503 1030 2567 D:
1080 2504 1264 2570 καίτοι
1309 2503 1534 2568 τοσόνδε
1580 2506 1643 2579 γ’
1666 2498 1799 2568 οἶδα
1843 2500 1927 2568 ὅτι
1974 2503 2288 2586 γραφέντα
2326 2504 2359 2580 ἢ
2392 2502 2695 2584 λεχθέντα

665 2623 764 2685 ὑπ)
787 2625 951 2706 ,ἐμοῦ
989 2621 1256 2698 βέλτιστ’
1292 2620 1365 2686 ἂν
1409 2623 1682 2702 λεχθείης
1732 2630 1841 2686 aut
1886 2644 2081 2706 quum
2129 2622 2407 2708 Dionysii
2456 2623 2697 2706 scripta

665 2739 961 2824 quaedam
1007 2739 1455 2825 reprehendens
1503 2740 1685 2818 dicit,
1734 2763 1794 2825 p.
1845 2742 1974 2804 344
2007 2740 2096 2804 D:
2131 2740 2238 2806 εἴτ’
2272 2738 2363 2806 οὖν
2397 2742 2693 2812 Διονύσιος

659 2858 895 2954 ,ἔγραψέ
960 2883 1016 2923 τι
1076 2863 1188 2922 τῶν
1251 2859 1376 2938 περὶ
1439 2859 1673 2937 Φύσεως
1727 2856 1910 2939 ἄκρων
1978 2859 2077 2923 καὶ
2140 2859 2371 2940 πρώτων
2430 2860 2546 2924 εἴτε
2592 2882 2694 2930 τις

665 2952 927 3043 ἔλαττων
987 2975 1107 3042 εἴτε
1151 2976 1358 3059 μείζων
1377 3029 1396 3053 ,
1463 2979 1536 3048 ὥς
1607 2977 1759 3042 οὐδὲν
1827 2978 2077 3052 ἀκηκοὼς
2147 2978 2269 3042 οὐδὲ
2336 2978 2697 3054 μεμαθηκὼς

668 3089 732 3169 ἦν
773 3096 929 3172 ὑγιὲς
975 3091 1047 3160 ὧν
1085 3094 1346 3176 ἔγραψε,
1395 3096 1558 3161 κατα
1601 3095 1698 3160 τὸν
1743 3094 1880 3172 ἐμὸν
1914 3096 2087 3172 λόγον
2102 3122 2121 3173 ;
2148 3102 2257 3158 aut
2286 3117 2476 3180 quum
2505 3094 2696 3160 illum

666 3214 972 3298 vituperat
1017 3213 1184 3298 quod
1227 3235 1353 3277 non
1400 3212 1603 3276 debito
1651 3235 1715 3276 se
1760 3212 1989 3277 honore
2036 3221 2394 3299 prosecutus
2418 3219 2591 3290 esset,
2617 3235 2690 3297 p.

669 3334 794 3396 345
831 3329 913 3396 C:
949 3338 1068 3404 πῶς
1107 3331 1180 3397 ἂν
1219 3334 1302 3409 μὴ
1341 3332 1678 3409 θαυμαστὸς
1719 3331 1789 3414 ὢν
1828 3329 2110 3412 ἄνθρωπος
2141 3334 2235 3395 τὸν
2269 3331 2533 3408 ἡγεμόνα
2555 3331 2695 3398 τού-

663 3475 777 3516 των
822 3474 921 3516 και
955 3451 1133 3531 κύριον
1171 3427 1351 3523 ούτωξ
1376 3454 1627 3531 εὐχερῶς
1660 3450 1914 3526 ἦτίμασέ
1952 3453 2081 3515 ποτ’
2111 3475 2219 3527 ανς
2256 3449 2478 3513 Credat
2508 3450 2693 3533 quis,

663 3567 830 3654 quod
879 3567 1163 3633 nonnulli
1209 3568 1265 3631 ei
1298 3567 1717 3676 imputarunt,
1752 3567 2087 3652 superbum
2117 3567 2306 3632 fuisse
2331 3567 2693 3644 Platonem,

660 3696 723 3751 at
768 3687 998 3774 optime
1043 3693 1204 3750 certe
1233 3686 1406 3750 novit
1435 3667 1585 3770 quid
1618 3685 1892 3764 deceret,
1927 3693 1988 3749 et
2020 3684 2300 3772 putidam
2330 3683 2691 3750 istiusmodi

661 3805 1074 3890 arrogantiam
1121 3803 1298 3868 stilus
1349 3805 1478 3871 eius
1512 3827 1759 3890 prorsus
1795 3805 2045 3889 respuit.
2103 3803 2262 3868 Sunt
2294 3805 2473 3868 etiam
2506 3826 2697 3888 quae-

735 4076 782 4136 1)
817 4075 893 4125 cf.
935 4075 1050 4126 ibid.
1085 4091 1125 4124 c.
1163 4075 1241 4124 52.
1279 4076 1582 4134 Aristoteles,
1618 4075 1764 4124 Polit.
1803 4076 1871 4132 V,
1908 4075 1969 4123 10
2004 4074 2062 4123 de
2096 4089 2151 4122 eo
2186 4073 2329 4123 dieit=
2364 4080 2443 4126 καὶ
2475 4076 2689 4141 Διονυσίῳ

669 4182 738 4240 τῷ
768 4175 945 4243 ὑστέρῳ
976 4175 1086 4225 Δίων
1115 4177 1176 4223 ἐπ
1208 4175 1338 4224 &Ono
1371 4172 1446 4222 διὰ
1477 4177 1535 4223 τὸ
1566 4178 1941 4242 καταφρονεῖν
1974 4173 2064 4221 xri.
