3025 5067
1669 350 1792 410 200

720 552 959 632 πράξεσι
979 605 996 627 ,
1055 576 1177 636 quo
1240 553 1766 638 epistolographus
1816 554 2012 617 utitur
2065 557 2146 638 (p.
2196 557 2322 617 343
2374 556 2466 635 A)
2487 481 2742 650 ‘Angig-

723 670 1091 735 nifieandum
1154 672 1428 735 circubum
1512 671 1704 755 qualis
1767 671 1948 734 oculis
2007 673 2260 735 cernitur
2277 722 2294 750 ‚
2358 691 2487 744 non
2539 669 2739 753 qualis

721 796 921 853 mente
960 791 1297 875 cogitatur,
1340 811 1690 875 expressum
1723 798 1813 853 est
1845 813 1876 853 e
1907 789 2180 853 Platonis
2203 789 2468 860 Phaedr.
2505 813 2572 874 p.
2611 790 2736 852 271

671 982 678 992 Ι
720 908 806 971 E:
852 910 940 972 δεῖ
955 910 1019 982 δὴ
1051 911 1214 973 ταῦθ’
1245 911 1349 993 (so.
1374 909 1454 973 τοὶ
1476 916 1585 973 τῶν
1609 908 1798 987 λόγων
1821 908 1968 993 εἴδη)
1991 911 2194 981 ἱκανῶς
2226 910 2546 984 νοήσαντα,
2571 907 2737 985 μετά

724 1031 923 1090 ταῦτα
974 1026 1240 1103 θεώμενον
1287 1026 1445 1090 αὐτοὶ
1490 1029 1548 1090 ἐν
1607 1034 1736 1098 ταῖς
1787 1026 2058 1107 πράξεσιν
2104 1026 2243 1093 ὄντα
2267 1076 2282 1092 .
2309 1080 2324 1093 .
2359 1075 2373 1091 .
2420 1036 2498 1109 τῇ
2517 1027 2731 1100 αἰσθή-

722 1170 807 1209 σει
845 1146 1251 1210 ἐπακολουθεῖν.
1316 1143 1583 1229 Sophist.
1632 1168 1692 1230 p.
1753 1148 1880 1209 234
1941 1145 2028 1209 E:
2075 1145 2521 1227 ἀνατετράφθαι
2571 1144 2658 1209 τά
2679 1145 2736 1207 ἐν

724 1272 841 1334 τοῖς
902 1262 1095 1339 λόγοις
1156 1262 1576 1344 φαντάσματα
1635 1264 1743 1328 ὑπὸ
1788 1270 1895 1328 τῶν
1952 1266 2006 1327 ἐν
2052 1272 2185 1335 ταῖς
2231 1262 2504 1343 πράξεσιν
2553 1262 2737 1343 ἔργων

646 1416 650 1423 ·
727 1380 1221 1459 παραγενομένων.
1272 1380 1574 1466 Deinceps
1619 1382 1777 1446 illud
1822 1382 2015 1466 Epist.
2064 1405 2122 1466 p.
2173 1384 2298 1445 343
2347 1382 2430 1445 E:
2478 1385 2515 1457 ἡ
2551 1382 2613 1445 δὲ
2644 1381 2736 1445 διὰ

728 1500 957 1565 πάντων
1030 1499 1295 1577 διαγωγὴ
1356 1497 1471 1563 άνω
1533 1498 1632 1563 καὶ
1693 1499 1852 1565 κάτω
1913 1500 2390 1577 μεταβαίνουσα,
2447 1498 2736 1563 convenit

728 1640 864 1681 cum
911 1617 983 1679 iis
1031 1638 1186 1700 quae
1229 1616 1410 1681 modo
1472 1618 1652 1681 citavi
1697 1618 1773 1682 de
1817 1617 1967 1702 Rep.
2015 1617 2178 1695 VII,
2225 1641 2284 1703 p.
2337 1620 2496 1680 534:
2549 1613 2611 1687 ὃς
2664 1614 2735 1680 ἂν

724 1736 818 1800 δια
878 1735 1109 1800 πάντων
1154 1736 1419 1816 ἐλέγχων
1465 1735 1673 1813 διεξιὼν
1719 1736 2144 1816 διαπορεύηταις
2193 1758 2262 1799 ac
2305 1736 2495 1820 magis
2544 1735 2730 1798 etiam

734 1876 873 1918 eum
942 1853 1036 1916 his
1097 1853 1273 1918 dietis
1334 1854 1399 1917 in
1459 1854 1850 1932 Parmenide,
1910 1879 1970 1940 p.
2025 1858 2146 1918 136
2194 1854 2280 1918 E:
2328 1852 2463 1919 ἄνευ
2505 1853 2732 1925 ταύτης

642 2064 645 2067 ἢ
726 1981 832 2047 τῆς
879 1971 973 2037 δια
1016 1972 1233 2043 πάντος
1279 1970 1518 2047 διεξόδου
1565 1972 1662 2036 καὶ
1707 1972 1935 2048 πλάνης
1973 1973 2250 2039 άδύνατον
2288 1974 2615 2052 ἐντυχόντα
2649 1974 2728 2049 τῷ

726 2091 933 2163 άληθεῖ
971 2094 1093 2155 νοῦν
1138 2098 1327 2170 σχεῖν.
1413 2090 2036 2155 Animadvertendum
2082 2098 2284 2155 autem
2301 2141 2318 2168 ‚
2377 2112 2498 2175 quo
2542 2111 2726 2153 sensu

726 2217 933 2272 noster
976 2210 1271 2286 διαγωγήν
1290 2260 1305 2283 ‚
1344 2210 1661 2274 Platonem
1711 2210 1940 2286 διέξοδον
1986 2232 2316 2295 usurpare3
2364 2208 2726 2273 vocabulum

620 2340 623 2345 '
728 2328 993 2405 διαγωγὴ
1047 2328 1210 2412 apud
1255 2328 1571 2393 Platonem
1588 2379 1606 2407 ‚
1654 2330 1777 2392 sive
1821 2329 1989 2393 nude
2037 2329 2304 2412 positum
2351 2328 2473 2391 sive
2519 2326 2724 2391 addito

726 2444 856 2521 βίον
871 2494 890 2524 ,
950 2445 1178 2509 indicat
1220 2446 1373 2510 vitae
1415 2446 1759 2510 imtitutum.
1832 2446 1972 2510 Vid.
2031 2446 2106 2509 de
2157 2446 2306 2531 Rep.
2354 2445 2422 2523 I,
2487 2468 2546 2529 p.
2597 2446 2722 2507 344

730 2560 779 2627 C
794 2612 813 2641 ,
860 2563 1104 2629 Theaet.
1152 2588 1214 2649 p.
1266 2568 1387 2631 177
1438 2568 1512 2628 A.
1608 2565 1810 2629 Diotio
1857 2564 1970 2629 ἄνω
2018 2566 2116 2629 καὶ
2157 2565 2317 2630 κάτω
2349 2564 2723 2641 μεταβαίνειν
2784 2572 2790 2589 “

726 2682 1019 2745 translata
1077 2692 1169 2747 est
1238 2707 1273 2746 a
1329 2684 1584 2748 Platone
1601 2735 1617 2762 ‚
1691 2685 1798 2768 qui
1865 2692 2066 2749 tamen
2129 2685 2328 2769 aptius
2397 2684 2547 2747 dicit
2611 2680 2720 2747 άνω

727 2798 826 2863 καὶ
881 2799 1039 2865 κάτω
1098 2801 1522 2884 μεταστρέφειν
1581 2806 1710 2875 τοὺς
1769 2802 1996 2880 λόγους.
2047 2790 2302 2866 Phaedr.
2349 2826 2410 2887 p.
2460 2804 2596 2866 272
2633 2800 2717 2863 Β;

730 2914 960 2989 πάντας
1021 2918 1227 2995 λόγους
1291 2914 1405 2984 άνω
1473 2920 1573 2984 καὶ
1629 2920 1787 2985 κάτω
1843 2919 2328 3000 μεταστρέφοντα
2379 2920 2717 2983 ἐπισκοπεῖν.

730 3034 825 3099 Of.
857 3035 1003 3101 ibid.
1041 3039 1167 3103 278
1200 3038 1277 3101 D.
1343 3037 1518 3118 Quae
1551 3039 1734 3124 paulo
1769 3045 1908 3125 post
1939 3046 2312 3122 sequuntur,
2352 3037 2466 3123 Ep.
2501 3061 2560 3124 p.
2595 3039 2718 3101 344

730 3153 817 3217 B:
864 3156 1037 3233 μόγις
1076 3157 1133 3223 δὲ
1161 3157 1477 3237 τριβόμενα
1525 3158 1658 3239 πρὸς
1697 3156 1913 3233 dmm?
1945 3162 2131 3223 αὐτῶν
2169 3154 2424 3233 ἕκαστα,
2465 3156 2719 3233 ὀνόματα

732 3273 833 3337 καὶ
856 3273 1047 3351 λόγοι,
1075 3275 1229 3355 ὄψεις
1262 3302 1329 3340 τε
1358 3277 1457 3341 καὶ
1491 3276 1773 3353 αἰσθήσεις
1791 3329 1808 3351 ‚
1837 3329 1850 3343 .
1876 3327 1886 3341 .
1916 3328 1929 3341 .
1949 3275 2274 3355 ’ἐξέλαμψε
2306 3275 2568 3357 φρόνησις
2601 3276 2718 3355 περὶ

699 3416 703 3420 ⁴
730 3389 969 3457 ἕκαστον
1028 3393 1125 3457 καὶ
1173 3400 1326 3469 νοῦς,
1375 3395 1543 3459 haee
1569 3418 1848 3479 expressa
1876 3402 2020 3459 sunt
2051 3417 2084 3458 e
2115 3394 2418 3480 praeclaro
2451 3392 2720 3457 Platonis

646 3585 650 3589 ι
734 3510 867 3574 loeo
927 3510 1004 3575 de
1060 3511 1222 3597 Repu
1255 3511 1381 3592 IV,
1430 3537 1489 3598 p.
1539 3515 1666 3577 435
1715 3514 1802 3577 A:
1849 3514 1947 3577 καὶ
1993 3512 2142 3593 τάχ’
2187 3511 2259 3577 ἂν
2305 3512 2442 3591 πάρ’
2485 3512 2722 3585 ἄλληλα

736 3636 1077 3701 σκοποῦντες
1122 3630 1219 3694 καὶ
1267 3631 1556 3711 τρίβοντες
1602 3631 1787 3712 ὥσπερ
1833 3634 1910 3696 ἐκ·
1941 3632 2176 3710 πυρείων
2221 3628 2531 3709 ἐκλάμψαι
2576 3631 2723 3704 ποιή-

735 3768 943 3823 σαιμεν
987 3750 1089 3821 τὴν
1134 3748 1495 3824 δικαιοσύνην.

823 3863 1102 3949 Denique
1160 3867 1499 3933 notandum
1543 3868 1743 3953 lepide
1789 3867 2054 3931 dictum:
2102 3867 2214 3931 οὐδ’
2259 3865 2328 3931 ἂν
2376 3869 2403 3931 ὅ
2457 3870 2726 3943 Λυγκεὺς

734 3984 865 4049 ἰδεῖν
888 3986 1133 4059 ποιήσειε
1157 3988 1287 4057 τοὺς
1310 3987 1606 4058 τοιούτους.
1641 3985 1878 4051 Notum
1902 3994 1994 4049 est
2009 3986 2424 4071 proverbium:
2451 3988 2726 4063 Λυγκέως

618 4122 625 4133 ·
735 4098 987 4178 ὀξύτερον
1032 4085 1313 4184 δέρκεσθαι
1358 4104 1693 4190 (Aristoph.
1741 4105 1904 4169 Plut.
1939 4128 2024 4168 vs,
2061 4106 2213 4188 210)
2246 4111 2306 4168 et
2352 4104 2563 4189 &noeis
2603 4128 2730 4170 oeu-
