3025 5067
1038 1158 1424 1300 611111
1507 1160 1664 1255 vn.

533 1483 625 1528 ,ΒΕ
671 1483 970 1528 PLA'role
1013 1485 1369 1530 ITINERIBUS
1415 1486 1682 1546 QUORUM
1726 1485 1794 1530 IN
1840 1485 2155 1530 EPISTOLIS

1055 1603 1292 1648 MENTIO
1337 1604 1462 1648 NON
1509 1605 1631 1650 Fl'r.

1132 1843 1553 1884 ——ooffloo—

432 2065 629 2151 Supra
658 2069 814 2130 anim
824 2069 1210 2147 advertimuS„
1236 2071 1311 2134 de
1333 2071 1675 2147 itineribuS,
1702 2093 1857 2154 quae
1880 2069 2058 2132 Plato
2084 2068 2351 2151 Megara,

343 2182 620 2267 Cyrenen
638 2236 654 2262 ,
682 2187 746 2248 in
769 2189 1116 2271 Aegyptum
1145 2197 1206 2251 et
1237 2190 1300 2252 in
1326 2189 1567 2252 Italiam
1602 2189 1936 2272 suscepisse
1967 2186 2265 2264 traditur,
2291 2188 2357 2250 in

341 2301 635 2386 Epistolis
699 2305 930 2369 nullam
995 2306 1124 2371 fieri
1183 2308 1552 2372 mentionem
1571 2357 1587 2385 ,
1651 2308 1773 2370 imo
1830 2313 2024 2370 totam
2068 2307 2358 2368 narratio-

341 2444 483 2484 nem
529 2423 616 2485 ita
661 2426 1054 2508 compositam
1087 2449 1248 2504 6556,
1281 2434 1354 2489 ut
1391 2425 1864 2510 peregrinationi
1894 2424 1956 2488 in
1988 2423 2357 2507 longinquas

340 2548 531 2603 terras
577 2542 680 2604 vix
724 2543 894 2606 locus
940 2545 1203 2628 relinqui
1254 2545 1547 2609 videatur.
1620 2544 1684 2608 Si
1727 2545 1890 2623 *enim
1935 2566 2087 2626 quae
2119 2544 2183 2607 in
2217 2542 2359 2627 Epi-

341 2658 503 2720 stola
547 2658 676 2723 VII
721 2669 851 2725 tum
901 2662 976 2726 de
1017 2663 1290 2728 Platonis
1334 2664 1741 2728 adolescentia
1781 2670 1915 2726 tum
1954 2661 2028 2725 de
2070 2661 2190 2727 vita
2222 2668 2359 2745 post

339 2773 606 2839 Socratis
651 2788 908 2842 mortem
955 2781 1213 2844 Athenis
1261 2789 1393 2845 acta
1439 2803 1635 2864 usque
1683 2781 1759 2844 ad
1806 2780 2243 2865 profectionem
2289 2778 2355 2841 in

335 2893 587 2960 Italiam
633 2905 956 2961 narrantur
971 2947 988 2975 ,
1039 2905 1268 2963 attente
1313 2900 1572 2983 legimus
1590 2949 1606 2977 ,
1656 2898 1812 2962 nihil
1856 2897 2022 2961 aliud
2063 2897 2205 2959 inde
2239 2896 2357 2959 effi-

337 3015 570 3078 ciamus
639 3015 758 3078 nisi
818 3017 968 3080 hoc:
1033 3017 1352 3082 Platonem
1406 3041 1513 3103 per
1570 3041 1747 3082 omne
1800 3016 1961 3080 illud
2006 3025 2245 3101 tempus
2291 3016 2356 3078 in

340 3135 538 3217 patria
597 3135 890 3199 mansisse
909 3185 928 3214 ,
971 3136 1156 3220 idque
1209 3138 1573 3221 transegisse
1620 3137 1840 3221 partim
1887 3134 2172 3199 ineundis
2220 3156 2357 3197 con-

341 3251 494 3315 siliis
541 3252 615 3316 de
671 3255 1038 3338 capessenda
1091 3256 1435 3340 republica,
1492 3257 1714 3342 partim
1770 3254 2190 3340 philosophiae
2236 3261 2358 3316 stu-

338 3370 494 3446 diis,
542 3373 803 3436 maxime
848 3396 990 3438 vero
1039 3375 1509 3458 cogitationibus
1558 3375 1632 3438 (16
1676 3373 2053 3439 6111611(1611(16
2082 3372 2355 3449 civitate,

345 3497 526 3573 atque
586 3491 730 3554 inde
789 3492 854 3555 in
918 3494 1120 3556 animo
1182 3495 1311 3557 eius
1372 3500 1579 3557 natam
1643 3517 1769 3558 esse
1829 3493 1998 3557 illam
2060 3491 2357 3576 perfectae

343 3609 606 3673 civitatis
667 3611 919 3674 formam
937 3661 956 3688 ‚
1014 3635 1168 3696 quae
1214 3613 1279 3675 in
1325 3635 1503 3697 opere
1552 3611 1675 3692 περὶ
1722 3611 2029 3682 Πολιτείας
2078 3631 2358 3694 expressa

343 3735 470 3796 est:
535 3750 720 3811 quam
781 3752 970 3813 quum
1032 3731 1096 3793 in
1169 3730 1422 3794 Graecia
1475 3730 1749 3795 effectam
1802 3728 1976 3793 reddi
2031 3750 2206 3812 posse
2253 3725 2351 3789 de-

344 3854 642 3931 speraret,
708 3848 1256 3932 quadragenarium
1302 3849 1512 3912 relicta
1574 3849 1769 3934 patria
1826 3848 1891 3910 in
1946 3846 2188 3925 Italiam
2258 3846 2357 3911 ab·

339 3964 500 4027 iisse.
595 3965 835 4044 Quodsi
879 3966 1040 4028 intra
1086 3965 1201 4029 hoc
1256 3939 1556 4030 annorum
1600 3964 1990 4028 intervallum
2036 3963 2212 4026 Plato
2260 3961 2356 4026 vel

341 4082 546 4146 taedio
591 4105 794 4147 rerum
839 4083 1108 4147 civilium
1153 4083 1249 4147 vel
1297 4083 1573 4147 discendi
1616 4084 1811 4166 gratia
1857 4105 2103 4166 peregre
2152 4082 2357 4164 aliquo

347 4201 656 4286 profectus
701 4210 890 4279 esset,
941 4202 1219 4286 scriptori
1264 4203 1351 4265 ita
1395 4202 1568 4284 loqui
1621 4223 1746 4264 non
1798 4201 1993 4264 licuit.
2086 4199 2234 4262 Post
2274 4221 2361 4260 re-

1994 4319 2068 4374 11
2084 4315 2119 4352 ³¹¹⁸
2236 4319 2243 4328 “
