3025 5067
1641 432 1768 493 228

703 641 927 727 reperit
966 641 1091 727 jam
1139 646 1550 705 senescentem
1597 644 1658 703 et
1703 660 1740 703 a
1785 637 2088 723 prioribus
2159 634 2420 701 ducibus
2473 657 2725 720 corrup-

702 768 872 838 tum,
921 766 993 823 ut
1023 759 1213 844 ipsius
1260 757 1529 822 consiliis
1576 778 1782 821 aurem
1829 756 2115 842 praebere
2159 754 2414 819 nollet.''
2481 752 2720 819 Eodem

708 884 985 963 spectant
1022 900 1178 963 quae
1223 878 1288 941 in
1336 876 1449 941 hac
1493 878 1629 962 ipsa
1671 875 1950 961 Epistola
1993 876 2316 961 leguntur,
2366 897 2426 960 p.
2460 877 2586 938 330
2622 874 2685 937 D
2703 924 2721 950 ,

705 997 958 1060 consilia
1017 1019 1141 1060 non
1182 994 1401 1060 *danda
1446 1017 1575 1059 esse
1619 1016 1731 1059 nec
1779 995 2028 1079 privatis
2083 993 2434 1058 hominibus
2480 1016 2592 1058 nec
2639 994 2725 1057 ci·

708 1115 1033 1193 vitatibus,
1083 1116 1202 1180 nisi
1255 1115 1471 1199 dignos
1517 1115 1592 1178 iis
1639 1137 1702 1179 se
1749 1114 2078 1199 praebeant
2121 1114 2318 1199 iisque
2359 1136 2584 1179 morem
2619 1136 2724 1197 ge-

705 1256 834 1297 rere
881 1256 945 1297 se
986 1234 1140 1298 velle
1188 1233 1530 1297 ostendant.
1591 1232 1723 1297 Nec
1768 1256 1895 1297 non
1939 1255 2010 1297 ea
2055 1234 2303 1318 quaein
2329 1232 2605 1317 Epistola
2622 1231 2725 1295 IX

704 1350 883 1416 Plato
930 1352 1006 1415 ad
1054 1352 1385 1436 Archytam
1432 1351 1701 1416 scribens
1747 1351 2094 1429 inducitur,
2143 1374 2204 1437 p.
2239 1353 2368 1415 358
2401 1353 2493 1429 A,
2528 1374 2724 1435 quum

706 1491 847 1533 eum
906 1469 1188 1533 hortatur
1241 1492 1320 1534 ne
1378 1470 1442 1534 in
1498 1468 1866 1555 capessenda
1923 1470 2236 1555 republica
2293 1472 2564 1535 animum
2619 1468 2725 1533 de-

706 1587 1033 1674 spondeat,
1105 1590 1393 1674 quoniam
1459 1610 1588 1653 11011
1646 1588 1823 1653 nobis
1878 1589 2077 1655 solum
2129 1590 2260 1654 nati
2313 1590 2537 1670 simne,
2609 1590 2722 1655 sed

706 1715 937 1793 partem
990 1708 1193 1807 Lnostri
1241 1708 1451 1786 amici,
1500 1716 1732 1791 partem
1803 1716 2080 1793 parentes
2098 1759 2116 1788 ,
2185 1717 2419 1794 partem
2473 1730 2723 1793 quoque

706 1827 903 1912 patria
972 1826 1090 1892 sibi
1162 1826 1429 1891 vindicet
1442 1853 1462 1906 3
1527 1826 1731 1907 addit,
1808 1827 2006 1892 multa
2078 1836 2282 1893 tamen
2357 1828 2619 1914 pendere
2687 1852 2724 1893 a

708 1946 1007 2030 cuiusque
1073 1948 1232 2011 vitae
1298 1946 1708 2032 temporibus:
1778 1948 1978 2013 πολλοὶ
2037 1948 2096 2013 δὲ
2155 1949 2252 2013 καὶ
2323 1956 2439 2023 τοῖς
2506 1956 2723 2031 καιροῖς

708 2064 921 2131 δίδοται
982 2071 1099 2137 τοῖς
1159 2066 1255 2130 τὸν
1312 2066 1439 2143 βίον
1495 2069 1653 2143 ἡμῶν
1697 2066 2299 2146 κατ-σιλκμβοὶνουσινε
2349 2089 2504 2152 quae
2551 2068 2724 2132 haud

710 2183 964 2248 obscure
1026 2190 1305 2269 spectant
1366 2182 1440 2248 ad
1503 2191 1778 2269 tempora
1825 2207 1978 2270 quae
2026 2185 2145 2250 sibi
2189 2185 2478 2271 obtigisse
2524 2187 2724 2273 philo-

715 2300 945 2385 sophus
992 2302 1170 2367 initio
1216 2301 1529 2388 Epistolae
1574 2302 1706 2367 VII
1751 2303 1980 2371 scribit.

798 2536 1011 2625 Longe
1056 2559 1197 2603 vero
1242 2538 1505 2605 maxima
1551 2540 1842 2627 epistolae
1889 2564 2027 2627 pars
2066 2542 2326 2609 refertur
2371 2543 2447 2607 ad
2477 2544 2720 2610 itinera.

711 2656 1027 2723 Ostendit·
1060 2680 1123 2722 se
1184 2658 1449 2743 primum
1508 2660 1576 2725 111
1634 2659 1880 2725 Italiam
1937 2662 2278 2747 profectum
2341 2685 2470 2727 esse
2515 2662 2724 2728 taedio

709 2777 916 2862 legum
962 2783 1025 2841 et
1055 2791 1307 2841 'morum
1352 2778 1615 2843 civitatis
1628 2806 1648 2859 3
1695 2780 1870 2860 inde,
1919 2804 2044 2847 non
2089 2782 2369 2861 consilio,
2417 2781 2524 2846 sed
2562 2782 2722 2847 sorte

711 2897 778 2961 111
837 2896 1120 2981 Dionysii
1180 2896 1381 2961 aulam
1428 2896 1703 2964 delatum
1747 2900 1814 2964 in
1862 2900 2141 2965 notitiam
2187 2902 2421 2966 venisse
2465 2902 2723 2978 Dionis;

709 3014 934 3080 iterum
973 3012 1161 3079 huius
1191 3014 1441 3080 hortatu
1472 3039 1534 3080 se
1563 3017 1714 3081 illuc
1747 3018 2087 3112 profectum
2111 3042 2240 3085 esse
2262 3020 2562 3086 invitante
2585 3021 2726 3106 ipso

719 3131 1015 3217 Dionysio
1031 3180 1052 3211 ,
1092 3139 1167 3197 ut
1211 3134 1265 3197 ei
1308 3133 1583 3219 injiceret
1628 3136 1934 3215 ἐπιθυμίαν
1968 3143 2071 3204 τοῦ
2109 3140 2428 3205 καλλίστου
2466 3140 2564 3205 καὶ
2602 3139 2728 3220 ὥρι’·
2789 3136 2796 3143 ’

720 3275 858 3317 στου
917 3248 1048 3329 βίου
1123 3258 1184 3315 et
1236 3252 1325 3316 ita
1368 3251 1686 3338 Syracusis
1732 3278 1802 3320 ac
1847 3255 1966 3320 toti
2011 3255 2251 3322 Siciliae
2297 3256 2486 3322 saluti
2531 3266 2726 3336 esset;

721 3366 901 3432 tertio
948 3366 1243 3453 denique,
1291 3375 1365 3433 ut
1393 3367 1657 3435 Dionem
1705 3372 2083 3439 exsulantem
2129 3381 2386 3460 tyranno
2417 3376 2733 3440 reconcili-

720 3493 851 3551 aret
894 3493 956 3551 et
970 3536 990 3565 ‚
1038 3486 1203 3570 quod
1250 3495 1429 3553 antea
1471 3491 1698 3555 frustra
1735 3498 2064 3571 tentasset,
2114 3516 2254 3559 eum
2304 3494 2732 3579 philosophiae

722 3604 898 3669 cultu
943 3605 1247 3669 formaret.
1296 3606 1414 3671 His
1453 3609 1824 3693 exponendis
1856 3611 2114 3696 scriptor
2144 3612 2412 3676 ostendit
2445 3620 2505 3676 et
2528 3613 2732 3697 justas

723 3723 840 3788 sibi
884 3744 954 3787 ac
998 3745 1207 3807 graves
1253 3724 1439 3789 fuisse
1492 3748 1704 3791 causas
1749 3727 2074 3813 Syracusas
2119 3730 2542 3816 proficiscendi
2573 3731 2732 3795 etin

724 3841 1083 3906 commercio
1143 3864 1282 3906 cum
1340 3842 1636 3931 Dionysio
1699 3854 1760 3910 et
1820 3848 2019 3912 Dione
2078 3848 2237 3914 nihil
2305 3872 2368 3913 se
2427 3856 2734 3935 spectasse

722 3960 843 4025 nisi
873 3959 1039 4044 quod
1086 3968 1146 4025 et
1206 3962 1507 4027 amicitiae
1567 3965 1828 4030 officium
1891 3974 1953 4039 et
1996 3959 2428 4054 philosophiae
2464 3967 2736 4053 dignitas

725 4078 1125 4165 postularent.
1182 4079 1318 4145 Hoc
1365 4082 1618 4147 consilio
1663 4086 2069 4149 narrationem
2113 4086 2283 4151 illam
2328 4086 2734 4173 conscriptam

724 4220 853 4265 esse
898 4198 1033 4283 ipsa
1075 4195 1385 4282 Epistolae
1431 4201 1611 4266 verba
1655 4204 1874 4287 passim
1923 4204 2088 4268 haud
2137 4204 2391 4269 obscure
2435 4205 2732 4270 indicant.
