3025 5067
2301 424 2362 465 lx

365 614 474 655 non
524 593 699 655 nimis
757 595 900 656 rude
955 598 1012 655 et
1053 593 1453 678 imperfectum
1516 592 1827 670 videbitur,
1877 594 1947 657 id
1998 616 2112 657 non
2158 594 2367 675 ecci-qua

355 748 468 807 pro
517 732 698 808 parte
757 727 876 789 tuis
919 727 1175 789 consiliis
1219 729 1554 811 monitisque
1600 734 1890 809 acceptum
1937 728 2126 792 deberi
2162 734 2369 809 yratus

355 862 646 943 profiteor.
2299 838 2304 843 -

461 994 572 1057 Vos
615 1002 830 1072 autem,
881 994 996 1057 viri
1042 994 1356 1058 doctissimi
1402 1000 1458 1057 et
1503 995 1845 1071 clarissimi,
1895 996 1998 1079 qui
2033 997 2123 1058 vel
2149 996 2211 1057 in
2256 997 2367 1079 Gy-

366 1127 582 1189 mnasio
629 1127 1132 1212 Rhenotrajectino
1179 1130 1657 1191 adolescentulum
1702 1152 1787 1191 me
1824 1131 2123 1191 liberarum
2162 1130 2371 1191 studiis

348 1260 664 1343 formastis
699 1267 874 1346 atque
909 1264 1161 1344 exemplo
1199 1270 1254 1325 et
1291 1263 1652 1326 institutione
1682 1264 2089 1345 praeparastis
2118 1266 2201 1326 ad
2221 1264 2377 1326 illud

365 1416 566 1456 munus
623 1398 778 1477 quod
813 1397 945 1479 jam
991 1397 1112 1476 ipse
1169 1419 1294 1458 sum
1351 1398 1639 1477 inqressus
1652 1446 1667 1471 ,
1740 1399 1831 1460 vel
1871 1399 1971 1481 qui
1992 1398 2262 1480 juvenem
2309 1398 2371 1459 in

367 1528 471 1589 bac
524 1529 836 1591 Academia
882 1530 1192 1611 multiplici
1237 1531 1677 1612 disciplinarum
1724 1532 1880 1593 cultu
1926 1530 2215 1615 variisque
2258 1538 2372 1593 stu-

368 1662 588 1723 diorum
655 1662 962 1725 curriculis
1019 1666 1100 1726 ad
1153 1665 1370 1726 altiora
1429 1664 1725 1726 erudiistis
1742 1713 1758 1740 ,
1824 1664 2068 1746 accipite
2118 1666 2370 1728 sinceras

369 1794 547 1856 animi
597 1796 846 1874 yratias.
953 1795 1062 1857 Vos
1101 1796 1420 1876 praecipue
1436 1844 1454 1870 ,
1526 1796 1643 1885 viri
1709 1796 2017 1859 clarissimi
2078 1796 2185 1860 Ro
2203 1820 2236 1860 v
2252 1819 2372 1860 ers

369 1933 422 1989 et
498 1928 942 2011 Opzoomer,
1007 1950 1145 2012 quos
1205 1952 1312 2009 per
1343 1930 1551 2010 plures
1596 1952 1773 1992 annos
1818 1931 2022 1993 audire
2067 1931 2207 1993 mihi
2252 1952 2375 1993 con-

370 2060 500 2140 tiyit
519 2109 534 2134 ,
581 2062 825 2124 alterum
873 2062 1152 2125 historiae
1204 2070 1259 2125 et
1303 2063 1712 2147 antiquitatum
1739 2063 1947 2148 sontes
1992 2066 2336 2145 aperientem
2354 2114 2371 2139 ‚

369 2194 611 2257 alterum
675 2195 796 2257 veri
849 2195 1192 2280 anquirendi
1238 2196 1364 2259 vias
1408 2202 1464 2259 et
1508 2197 1713 2259 mentis
1757 2199 2039 2259 humanae
2070 2218 2375 2278 processus

366 2327 772 2408 explicantem,
810 2351 1156 2410 persuasum
1196 2330 1349 2393 vobis
1373 2331 1661 2406 habetote,
1703 2352 1789 2393 me
1815 2337 1935 2392 tam
1965 2332 2030 2393 ob
2053 2331 2370 2394 institutio-

366 2482 488 2523 nem
549 2469 789 2525 vestram
850 2487 1021 2547 quam
1068 2466 1134 2527 ob
1179 2466 1494 2527 comitatem
1541 2470 1596 2527 et
1642 2466 2077 2527 benevolentiam
2123 2488 2236 2549 qua
2284 2489 2369 2529 me

371 2596 622 2676 ampleoei
682 2596 819 2659 estis
877 2597 964 2658 ita
1026 2596 1181 2661 vobis
1235 2597 1552 2660 devinctum
1611 2620 1729 2659 esse
1748 2646 1763 2671 ,
1826 2604 1925 2673 ut,
1992 2601 2125 2662 dnm
2185 2598 2366 2661 stadii

371 2729 696 2791 Academici
740 2730 1009 2793 memoria
1054 2731 1118 2793 in
1165 2730 1354 2793 animo
1399 2754 1517 2794 meo
1564 2731 1851 2814 haerebit,
1908 2737 2097 2795 vestra
2155 2755 2373 2817 quoque

365 2862 593 2925 nomina
637 2886 777 2925 cara
821 2864 962 2927 mibi
1005 2865 1124 2927 sint
1148 2866 1394 2951 futura.

468 2995 525 3057 V
517 3017 576 3057 os
621 2997 893 3081 denique,
941 3019 1080 3082 quos
1124 2997 1188 3059 in
1236 2997 1549 3061 Academia
1573 2999 1733 3079 fidos
1770 3004 2037 3079 expertus
2072 3022 2195 3062 sum
2228 3000 2373 3062 ami-

368 3149 490 3204 cos,
531 3128 859 3211 quibuscum
905 3131 1059 3192 seria
1105 3137 1160 3192 et
1186 3131 1330 3213 joca
1376 3130 1695 3193 communia
1741 3131 1916 3193 habui
1932 3180 1949 3207 ‚
1984 3132 2163 3195 valete
2201 3138 2257 3195 et
2281 3132 2372 3194 ita

367 3261 476 3323 mei
512 3283 779 3325 memores
823 3270 1020 3342 estote,
1087 3270 1152 3325 ut
1199 3285 1295 3344 eqo
1341 3264 1518 3325 vestri
1561 3286 1853 3347 nunquam
1902 3265 2182 3326 obliturus
2226 3288 2369 3327 sum.

499 3568 671 3631 Scripsi
707 3568 1167 3628 Amstelodami,
1203 3586 1267 3620 m.
1301 3569 1530 3618 Januario
1566 3586 1605 3617 a.
1645 3583 1941 3619 uncochw.
