3025 5067
1302 358 1417 420 197

330 564 478 629 hac
524 565 843 650 disciplina
890 586 1044 647 quae
1106 562 1651 647 Epistolographus
1699 560 1846 625 dicit
1900 584 2038 625 cum
2092 559 2366 624 Platonis

329 682 637 749 doctrina
680 682 756 747 de
800 682 1114 746 dialectica
1160 702 1598 766 comparemus,

450 919 716 1004 Scriptor
774 925 979 981 noster
1040 916 1164 981 duo
1226 915 1548 999 distinguit
1607 935 1828 1001 genera
1843 964 1862 993 ,
1925 920 1992 981 τὸ
2053 914 2109 981 ὅν
2129 965 2146 992 ,
2198 915 2361 1001 quod

346 1040 545 1103 etiam
600 1038 667 1102 τὸ
726 1038 788 1102 τί
830 1035 1097 1122 appellat
1112 1086 1129 1112 ,
1178 1043 1239 1099 et
1283 1034 1348 1099 τὸ
1394 1032 1549 1098 ποῖόν
1594 1059 1647 1099 τι
1662 1084 1678 1116 ,
1731 1056 1990 1118 quorum
2037 1035 2225 1098 altero
2271 1057 2365 1099 res

348 1155 635 1219 sensibus
680 1154 983 1240 subjectas
1030 1153 1329 1239 significat
1345 1203 1363 1230 ,
1413 1152 1604 1216 altero
1657 1176 1858 1217 rerum
1889 1153 2074 1217 ideas,
2130 1144 2196 1217 ‘A
2227 1152 2362 1216 Pla-

348 1280 502 1337 tone
562 1280 767 1337 autem
826 1272 943 1336 hoc
1003 1294 1183 1335 sensu
1244 1272 1361 1335 ista
1422 1270 1717 1344 vocabula
1774 1292 1898 1335 non
1952 1278 2362 1356 usurpantur:

351 1392 681 1477 distinguit
756 1392 858 1455 ille
938 1391 1183 1475 quidem
1260 1391 1590 1475 aliquando
1661 1390 1801 1455 ποιά
1877 1387 2040 1455 ἄττα
2113 1397 2172 1454 θῖ
2239 1390 2365 1511 cefff

348 1510 585 1575 ἕκαστοι
644 1512 729 1575 sic
790 1517 861 1573 ut
914 1532 1091 1592 yenus
1136 1516 1196 1573 et
1240 1510 1480 1591 speciem
1498 1535 1518 1571 :
1564 1509 1732 1572 velut
1773 1508 1956 1589 τέχνη
2005 1510 2156 1584 αὐτή
2203 1531 2376 1586 θοῑῐι-ι

350 1629 646 1714 plectitur
691 1652 899 1693 omnes
946 1636 1135 1706 arteS,
1184 1627 1365 1707 τέχνη
1412 1651 1500 1698 τις
1541 1628 1666 1691 sive
1713 1625 1849 1691 ποιά
1895 1650 1982 1698 τις
2029 1634 2120 1691 est
2169 1649 2290 1690 una
2330 1650 2362 1692 e

352 1747 602 1824 multis„
651 1747 819 1810 velut
862 1746 1174 1821 οἰκοδομική
1220 1744 1318 1829 (de
1363 1744 1513 1829 ch.
1557 1744 1647 1807 IV
1667 1795 1683 1822 ‚
1735 1770 1796 1831 p.
1845 1746 1998 1829 438)
2013 1771 2032 1823 3
2066 1767 2190 1809 non
2222 1766 2363 1809 vero

348 1866 685 1951 generatim
743 1865 837 1927 his
895 1863 1089 1928 verbis
1138 1865 1337 1928 utitur
1380 1872 1670 1948 tanquam
1715 1862 1993 1929 formulis
2041 1865 2164 1927 sive
2211 1870 2363 1928 cate-

350 1983 539 2067 goriis
603 1982 825 2067 quibus
884 1970 966 2045 ’ἑοὶ
1025 1981 1198 2056 νοητά
1256 1989 1317 2045 θῖ
1361 1980 1440 2045 τὰ
1486 1980 1735 2056 αἰσθητά
1779 1982 2193 2067 designentur.
2285 1980 2363 2045 Id

348 2102 585 2187 primus
631 2101 775 2164 fecit
820 2100 1213 2176 AristoteleS‚
1262 2098 1536 2184 Metaph.
1585 2098 1714 2177 IV,
1764 2101 1882 2163 28:
1931 2100 2007 2164 τὸ
2052 2096 2230 2171 εἶδος
2262 2098 2358 2163 καὶ

350 2222 388 2294 ἦ
451 2218 576 2295 ὕλη
628 2218 811 2300 ἕτερον
854 2220 934 2299 τῷ
979 2218 1161 2295 γένει,
1211 2219 1307 2282 καὶ
1356 2215 1465 2283 ὅσοι
1508 2217 1637 2283 καθ’
1683 2215 1864 2297 ἕτερον
1908 2228 2127 2299 σχῆμα
2184 2242 2360 2293 κατη-

348 2339 547 2417 γορίαις
602 2344 701 2401 τοῦ
764 2336 913 2407 ὄντος
972 2336 1245 2418 λέγεται,
1296 2337 1375 2402 τὰ
1420 2337 1526 2413 μὲν
1571 2334 1688 2418 γὰρ
1746 2337 1818 2401 τί
1875 2339 2034 2402 ἐστι
2097 2338 2360 2415 σημαίνει

346 2461 458 2519 τῶν
502 2454 669 2519 ὄντων
688 2507 705 2529 ,
753 2454 835 2519 ταὶ
881 2454 939 2517 δὲ
983 2454 1182 2519 ποῖόν
1226 2479 1308 2519 τι.
1406 2453 1692 2519 Ceterum
1739 2455 2097 2519 Aristoteles
2129 2477 2362 2540 semper

346 2573 497 2637 dicit
542 2574 607 2639 τὸ
654 2574 716 2638 τί
759 2573 919 2653 ἔστι,
969 2571 1063 2634 vel
1108 2572 1173 2636 τὸ
1216 2572 1269 2637 τὶ
1323 2568 1385 2647 ἦν
1428 2569 1573 2637 εἶναι
1589 2623 1607 2657 ,
1642 2596 1976 2658 numquam
2008 2573 2359 2659 simpliciter

347 2701 419 2755 ut
460 2699 666 2755 noster
710 2694 777 2755 τὸ
822 2691 899 2755 τί.
928 2690 980 2774 1)
1036 2689 1249 2768 Plato,
1298 2697 1371 2754 ut
1416 2698 1557 2755 ante
1602 2692 1898 2770 vidimu8‚
1949 2692 2071 2757 duo
2117 2692 2226 2757 illa
2261 2716 2359 2778 ge-

346 2833 491 2874 nera
536 2809 796 2895 appellat
834 2811 914 2873 τὰ
965 2810 1103 2874 ὄντα
1149 2818 1211 2873 θῖ
1255 2811 1337 2874 ταὶ
1382 2782 1666 2887 γεννητάι
1712 2812 1777 2876 τὸ
1822 2808 1881 2875 ἕν
1927 2821 1988 2875 θῖ
2031 2811 2113 2876 τὰ
2158 2811 2356 2876 πολλοὶ

346 2929 599 3013 aliisque
650 2927 1023 2993 nominibus,

432 3047 618 3111 Porro
658 3045 1052 3131 'philosophia
1096 3054 1373 3109 versatur
1418 3046 1484 3109 in
1532 3046 1882 3131 cognitione
1921 3053 2032 3111 τῶν
2055 3046 2224 3112 ὄντων
2233 3096 2253 3126 ,
2279 3046 2355 3111 ad

342 3188 522 3249 quam
588 3164 995 3249 cognitionem
1056 3164 1183 3228 dux
1241 3172 1332 3229 est
1377 3165 1715 3229 dialectica.
1768 3162 1965 3246 Quale
2012 3174 2216 3231 autem
2263 3175 2355 3231 est

342 3283 680 3347 secundum
737 3282 1057 3347 Platonem
1118 3282 1460 3347 dialectices
1525 3284 1797 3348 munus?
1888 3284 2024 3348 Hoc
2085 3286 2353 3371 positum

342 3408 435 3465 est
504 3402 765 3465 maxime
825 3402 892 3464 in
953 3402 1212 3482 διαιρέσει
1276 3409 1336 3465 θῖ
1394 3402 1746 3485 ξυναγωγῇ,
1814 3411 1886 3467 ut
1942 3403 2007 3467 in
2074 3404 2352 3469 Phaedro

340 3520 549 3598 docet,
591 3543 651 3604 p.
688 3522 813 3582 265
844 3518 1119 3582 E—266
1152 3519 1222 3583 B.
1244 3521 1289 3603 ἵ)
1336 3519 1547 3600 Quum
1577 3544 1683 3606 per
1713 3522 2061 3587 universum
2093 3531 2342 3608 pateant

339 3640 487 3703 haec
533 3637 656 3703 duo
671 3687 689 3715 ,
721 3638 789 3701 τὸ
826 3635 883 3701 ἓν
928 3645 990 3702 θῖ
1033 3639 1113 3702 τὰ
1160 3638 1356 3703 πολλοὶ
1375 3688 1391 3711 ,
1440 3640 1639 3703 unitas
1683 3646 1745 3703 et
1787 3641 2040 3703 varietas
2055 3691 2072 3718 ‚
2123 3640 2350 3705 dialec-

336 3759 486 3821 tices
546 3776 773 3820 munus
828 3763 917 3821 est
961 3758 1027 3821 τὸ
1072 3758 1233 3821 κατὰ
1278 3758 1415 3833 γένη
1472 3757 1800 3836 διαιρεῖσθαι
1863 3765 2047 3842 atque
2101 3757 2349 3823 demon·

414 4059 463 4116 1)
496 4056 608 4105 Vid.
625 4056 1030 4121 Trendelcnburg,
1047 4057 1218 4106 Gesch.
1237 4058 1285 4107 d.
1302 4058 1744 4121 Kategorienlehre.
1759 4058 1889 4107 Berl.
1910 4058 2056 4107 1846.
2086 4075 2136 4124 p.
2153 4057 2346 4107 34-52

407 4154 457 4213 2)
492 4151 568 4201 cf.
603 4167 694 4200 vau
726 4151 955 4210 Heusde,
993 4152 1102 4201 [nit.
1136 4152 1262 4202 Phil.
1297 4152 1487 4202 Platon.
1524 4154 1592 4202 11.
1661 4154 1775 4203 Pars
1807 4154 1884 4212 11,
1919 4170 1966 4218 p.
2005 4153 2116 4203 101.
