3025 5067
1231 397 1354 460 143

273 596 530 662 dierum
577 601 770 684 spatio
814 601 1068 685 transigi
1111 623 1236 665 non
1281 603 1584 686 potuisse:
1640 581 1866 668 idcirco·
1908 604 2116 668 ambae
2161 626 2293 666 nar-

270 716 556 780 rationes
587 719 744 782 inter
775 741 839 783 se
865 741 1079 803 parum
1113 720 1426 784 concinere
1464 719 1747 784 videntur
1761 770 1780 799 ,
1816 721 1981 805 quod
2004 743 2146 786 sane
2168 743 2293 785 non

275 844 384 898 est
436 835 730 902 indicium
784 839 1054 902 veritatis
1099 846 1161 902 et
1205 839 1364 902 fidei.
1411 838 1506 902 De
1545 840 1677 923 ipso
1714 839 1983 904 Platonis
2022 841 2288 904 discessu

274 955 674 1038 aliquantum
735 956 1036 1042 discrepat
1078 956 1444 1022 Plutarchus
1465 1007 1484 1036 ,
1534 981 1584 1022 c.
1636 961 1716 1022 20
1736 1008 1754 1036 ,
1788 960 1895 1042 qui
1942 967 2146 1022 narrat
2190 959 2294 1022 Di-

275 1076 573 1158 onysium
643 1098 886 1160 operam
947 1077 1184 1142 dedisse
1230 1087 1300 1142 ut
1345 1077 1641 1143 offensum
1696 1077 1981 1142 Platonis·
2023 1079 2289 1144 animum

277 1192 625 1258 honoribus
687 1203 748 1258 et-
793 1195 986 1280 epulis
1031 1174 1370 1280 mitigaret,
1419 1219 1543 1280 qua
1588 1197 1898 1260 occasione
1944 1198 2125 1260 etiam
2172 1197 2293 1260 dic-

277 1311 514 1374 terium
559 1311 832 1376 Platonis
878 1336 1060 1398 super
1104 1315 1377 1378 convivio
1423 1321 1733 1380 memorat.
1827 1314 2037 1393 Quum
2068 1315 2293 1399 Diony-

280 1428 421 1492 sius
468 1428 750 1493 dixisset:
800 1429 978 1508 „Nae
1023 1440 1127 1509 tu,
1176 1432 1387 1510 Plato,
1435 1432 1647 1496 multis
1695 1439 1755 1495 et
1786 1432 2066 1516 gravibus
2099 1434 2292 1496 crimi-

277 1548 642 1611 nationibus
673 1571 783 1613 nos
815 1549 980 1634 apud
1003 1552 1236 1614 sodales
1261 1559 1399 1614 tuos
1422 1550 1711 1614 lacerabis
1727 1550 1789 1628 ;''
1814 1551 1917 1614 ille
1940 1550 2285 1615 subridens:

277 1666 547 1745 „Absit,
593 1668 939 1752 respondit,
988 1677 1131 1754 opto
1179 1693 1254 1734 ne
1298 1679 1468 1734 tanta
1511 1669 1685 1733 nobis
1710 1670 1790 1732 sit
1822 1691 2164 1732 sermonum
2195 1692 2293 1753 pe-

280 1785 502 1862 nuria,
566 1793 638 1848 ut
692 1787 786 1850 tui
832 1794 1106 1871 oporteat
1151 1787 1555 1852 meminisse.”
1649 1787 1843 1850 Addit
1886 1787 2285 1864 PlutarchuS‚

283 1903 409 1966 hoc
455 1925 594 1968 cum
641 1905 896 1989 epistola
941 1913 1148 1970 nostra
1205 1929 1329 1971 non
1374 1906 1551 1991 plane
1590 1906 1937 1970 concinere:
1993 1908 2053 1970 οὐ
2100 1907 2289 1982 μέντοι

280 2022 374 2085 τὰ
435 2023 741 2094 Πλάτωνος
810 2027 987 2089 αὐτοῦ
1041 2023 1194 2089 πάνυ
1248 2025 1464 2096 τούτοις
1509 2023 1751 2108 ξυνᾴδει.
1843 2023 2012 2087 Idem
2058 2024 2288 2088 dictum

281 2148 584 2204 memorat
655 2141 932 2206 Lafirtius
950 2192 967 2219 ‚
1039 2142 1142 2206 ΙΙΙ
1166 2193 1184 2221 ,
1255 2145 1334 2205 21
1354 2192 1372 2220 ,
1435 2143 1541 2206 sed
1607 2142 1683 2206 ad
1728 2123 2004 2226 Dionysii
2052 2143 2291 2206 maioris

281 2266 566 2342 tempora
610 2260 818 2337 refert,
882 2259 1045 2342 quod
1106 2268 1306 2324 tamen
1367 2261 1569 2324 minus
1615 2267 1706 2323 est
1758 2259 2087 2344 probabile.
2180 2260 2291 2324 Est

285 2383 494 2439 autem
542 2399 612 2440 ea
655 2399 749 2440 res
795 2377 963 2462 parvi
1007 2379 1296 2442 momenti
1343 2387 1402 2442 et
1449 2377 1753 2442 sublestae
1800 2377 1993 2460 fidei„

380 2609 638 2696 Reliqua
711 2635 864 2697 quae
927 2623 1060 2698 post
1119 2613 1392 2680 Platonis
1451 2614 1713 2677 reditum
1785 2637 1816 2676 e
1886 2612 2091 2677 Sicilia
2158 2621 2291 2676 acta

284 2738 438 2794 sunt
482 2731 743 2795 breviter
786 2739 1146 2816 tanguntur.
1232 2731 1447 2796 Redux
1487 2733 1653 2824 venit
1700 2731 2041 2816 Olympiam
2085 2731 2288 2814 ibique

285 2848 545 2912 offendit
589 2849 881 2928 Dionem,
930 2852 1067 2934 qui,
1117 2850 1342 2915 auditis
1391 2873 1547 2934 quae
1592 2850 1921 2934 Dionysius
1969 2851 2031 2913 in
2078 2872 2140 2912 se
2175 2860 2290 2912 sta-

279 2969 540 3046 tuisset,
572 2969 782 3032 ulcisci
813 2970 1076 3034 decrevit
1107 2969 1454 3053 bellumque
1487 2970 1717 3054 paravit
1734 3019 1754 3048 ,
1782 2969 1947 3052 quod
1971 2968 2283 3052 aliquanto

292 3095 433 3172 post
476 3089 530 3150 ei
573 3088 804 3152 intulit.
897 3087 1073 3152 Plato
1119 3088 1266 3153 belli
1311 3089 1657 3152 societatem
1706 3087 1951 3166 abnuit,
2000 3110 2288 3152 excusans

287 3213 662 3269 senectutem
738 3214 799 3270 et
875 3206 1121 3291 hospitii
1195 3208 1296 3291 jus
1368 3206 1534 3289 quod
1611 3206 1725 3290 ipsi
1796 3227 1935 3268 cum
1997 3205 2288 3290 Dionysio

285 3324 720 3404 intercederet,
784 3347 967 3408 seque
1025 3324 1532 3388 reconciliationis
1592 3346 1729 3387 non·
1761 3323 1907 3388 belli
1950 3323 2286 3408 adjutorem

292 3442 600 3526 pollicitus
662 3450 752 3507 est
813 3445 895 3527 (p.
960 3445 1086 3506 350
1135 3442 1382 3528 B—D).
1456 3441 1555 3505 Ita
1597 3441 1871 3526 Epistola
1880 3468 1897 3518 ;
1948 3442 2050 3504 alii
2096 3441 2286 3506 aliter.

289 3558 500 3624 Cicero
516 3610 535 3639 ,
599 3561 674 3625 de
729 3559 898 3626 Orat.
963 3560 1100 3638 IH,
1157 3564 1280 3624 34:
1350 3559 1551 3639 „Quis
1598 3558 1854 3623 Dionem
1903 3559 2287 3643 Syracusium

288 3679 572 3744 omnibus
617 3679 906 3744 doctrinis
953 3678 1283 3764 expolivit?
1314 3700 1436 3743 non
1470 3677 1691 3741 Plato?
1723 3679 1927 3761 Atque
1958 3701 2093 3742 eum
2126 3679 2285 3742 idem

289 3797 397 3860 ille
455 3819 577 3861 non
637 3797 882 3882 linguae
939 3798 1134 3862 solum
1153 3847 1172 3875 ,
1219 3820 1425 3860 verum
1473 3797 1655 3860 etiam
1702 3797 1887 3860 animi
1933 3819 2000 3860 ac
2045 3799 2288 3861 virtutis

292 3916 579 4000 magister
638 3917 712 3980 ad
773 3915 1149 3981 liberandum
1204 3915 1459 4000 patriam
1506 3914 1786 3998 impulit,
1833 3915 2152 3993 instruxit,
2202 3938 2288 3979 are

291 4033 538 4098 mavit.’'
628 4033 948 4110 Aelianus,
996 4032 1139 4096 Var.
1187 4033 1331 4096 hist.
1379 4031 1481 4096 III
1497 4081 1517 4110 ,
1550 4034 1661 4097 17:
1708 4035 1957 4096 Πλάτων
1996 4033 2053 4095 δὲ
2086 4034 2286 4114 ὃἈρί-

291 4176 498 4224 στωνος
555 4153 746 4217 Δίωνα
791 4153 1138 4229 κατήγαγεν
1181 4152 1257 4222 εἰς
1303 4151 1610 4227 Σικελίαν,
1658 4149 1755 4214 καὶ
1801 4148 1867 4212 δι’
1911 4146 1981 4213 ὧν
2024 4150 2287 4229 ξυνεβού-
