3025 5067
595 428 705 469 VIII

592 605 930 667 recentiores
944 654 962 680 ,
999 614 1306 690 postquam
1359 608 1781 670 renascentibus
1824 608 2014 669 literis
2058 607 2327 669 Platonis
2370 606 2593 687 scripta

591 735 943 797 eruditorum
1003 738 1264 799 manibus
1321 740 1542 802 versari
1602 742 1783 802 denuo
1837 744 2171 820 coeperunt,
2235 739 2299 799 in
2359 739 2592 801 illorum

591 868 932 931 auctoritate
993 869 1340 953 acquievisse
1348 872 1384 932 ‚7
1451 872 1655 955 Neque
1715 876 1902 933 tamen
1945 872 2137 955 fraus
2192 872 2372 933 latere
2419 893 2592 954 usque

577 1002 794 1082 potuit.
889 1004 1112 1066 Nostra
1172 1010 1227 1067 et
1276 1010 1532 1086 patrum·
1575 1011 1893 1068 nostrorum
1940 1010 2133 1080 aetas,
2182 1027 2327 1088 quae
2370 1004 2433 1066 in
2478 1005 2591 1065 sin-

588 1134 734 1196 ceris
778 1159 815 1197 a
840 1136 1008 1218 fictis
1066 1142 1122 1199 et
1175 1137 1392 1219 spuriis
1448 1138 1803 1201 secernendis
1861 1144 2021 1199 tanto
2074 1138 2263 1199 studio
2316 1142 2592 1219 tantaque

586 1291 727 1329 cura
773 1271 1060 1345 elaborat,
1109 1272 1279 1333 etiam
1324 1272 1418 1334 bic
1443 1270 1707 1356 falsarii
1751 1294 1977 1332 manum
2025 1272 2264 1333 odorata
2296 1274 2398 1332 est.
2472 1268 2591 1331 Res

587 1408 773 1463 tamen
819 1405 1064 1465 nondum
1109 1404 1197 1465 ita
1243 1403 1545 1466 illustrata
1590 1409 1645 1467 et
1690 1403 1753 1465 in
1800 1410 1997 1484 aperto
2031 1401 2231 1483 posita
2249 1450 2266 1477 ,
2316 1408 2381 1463 ut
2411 1400 2593 1462 omnis

586 1535 874 1597 dubitatio
919 1537 1149 1599 sublata
1193 1536 1290 1600 sit.
1382 1538 1593 1622 Itaque
1637 1559 1808 1620 quum
1849 1535 2212 1620 aliquamdiu
2249 1535 2313 1596 in
2348 1535 2593 1597 Platone

584 1669 812 1749 leyendo
869 1692 990 1731 cum
1047 1672 1340 1751 voluptate
1399 1678 1454 1733 et
1513 1671 1705 1732 studio
1759 1692 1930 1733 essem
1975 1676 2233 1732 versatus
2276 1673 2332 1731 et
2375 1690 2444 1730 ea·
2490 1668 2593 1729 hoc

583 1801 860 1883 scriptore
912 1810 1299 1884 arqumentum
1360 1805 1444 1866 ad
1472 1802 1939 1866 dissertationem
1994 1802 2447 1866 conscribendam
2499 1824 2591 1864 su-

589 1957 735 1998 mere
786 1935 1181 2012 destinassem,
1231 1938 1465 1999 hortatu
1512 1936 1716 2017 patris
1759 1938 1908 1999 banc
1965 1936 2265 1999 materiam
2325 1935 2467 2017 eleqi
2525 1935 2591 1997 in

586 2090 701 2151 qna
757 2067 906 2131 vires
965 2091 1120 2131 meas
1165 2068 1555 2150 periclitarer-
1653 2068 1887 2149 Suscepi
1948 2090 2115 2149 opus,
2178 2090 2289 2131 non
2350 2074 2464 2129 tam
2526 2074 2592 2130 ut

588 2202 736 2266 alios
781 2206 1031 2266 docerem
1076 2227 1246 2287 quam
1290 2209 1358 2266 ut
1402 2196 1487 2275 m'e
1530 2205 1715 2285 ipsum
1762 2224 2071 2266 exercerem
2088 2250 2105 2277 ,
2141 2207 2369 2283 putans
2414 2207 2470 2263 et
2516 2204 2598 2263 ad

569 2336 860 2418 judicium
906 2337 1219 2398 acuendum
1264 2345 1319 2397 et
1358 2338 1442 2398 ad
1467 2336 1767 2399 Platonem
1797 2335 2225 2417 intelliqendum
2256 2333 2591 2416 nibilfruc-

585 2468 806 2532 tuosius
850 2490 967 2531 esse
1009 2490 1182 2552 quam
1227 2474 1292 2531 ut
1329 2491 1606 2549 qermana
1650 2475 1706 2531 et
1748 2469 1972 2531 sincera
2010 2491 2047 2529 a
2062 2468 2258 2553 falsis
2287 2474 2343 2531 et
2372 2466 2591 2549 spuriis

587 2600 934 2681 distinquere
993 2602 1280 2665 discerem.
1371 2601 1647 2685 Equidem
1704 2624 1817 2663 non
1876 2602 2073 2665 dubito
2118 2601 2259 2685 quin
2304 2603 2483 2665 multa
2528 2602 2592 2663 in

586 2735 689 2797 hoc
725 2755 844 2796 meo
884 2755 1050 2815 opere
1087 2734 1206 2797 sint
1234 2740 1507 2815 peccata,
1549 2736 1729 2797 multa
1766 2757 1916 2819 quae
1952 2736 2239 2797 abundent
2262 2736 2352 2797 vel
2371 2735 2556 2797 desint
2566 2762 2593 2809 ;

585 2867 640 2931 si
691 2875 876 2930 tamen
938 2889 1168 2948 operam
1211 2876 1266 2931 et
1310 2869 1491 2931 oleum
1537 2890 1647 2929 non
1679 2890 1927 2948 prorsus
1958 2866 2285 2948 perdidisse
2332 2866 2557 2929 uidebor
2572 2913 2591 2940 ,

588 3000 700 3063 erit
735 3003 889 3085 quod
919 3024 1006 3064 me
1049 3000 1299 3081 suscepti
1342 3000 1558 3063 laboris
1572 3049 1589 3076 ,
1638 3001 1739 3085 qui
1783 3000 1927 3063 mibi
1971 3023 2073 3063 nec
2115 3000 2257 3063 lem‘s
2298 3022 2401 3063 nec
2444 2999 2592 3082 inju-

591 3138 810 3199 cundus
835 3136 1007 3219 fuit,
1055 3158 1166 3199 non
1199 3135 1523 3217 poeniteat.

681 3270 888 3333 Restat
946 3271 1111 3333 dulce
1170 3269 1426 3354 officium
1443 3318 1461 3344 ,
1536 3276 1603 3331 ut
1658 3268 1891 3350 qratias
1952 3291 2117 3349 aqam
2180 3275 2235 3331 et
2300 3267 2591 3349 maqistris

588 3410 644 3467 et
689 3404 890 3467 amicis
936 3428 1005 3467 ac
1062 3403 1381 3479 sodalibus,
1440 3424 1679 3487 quorum
1725 3406 1817 3466 vel
1856 3402 2253 3467 consuetudini
2296 3404 2388 3466 vel
2426 3402 2592 3465 insti-

589 3538 797 3599 tutioni
827 3538 1013 3618 plura
1070 3538 1265 3599 debere
1316 3558 1401 3599 me
1444 3536 1625 3599 sentio
1671 3558 1841 3619 quam
1886 3536 2071 3598 verbis
2114 3535 2301 3619 eloqui
2332 3557 2589 3616 possum.

590 3671 729 3733 Non
777 3678 861 3733 est
905 3673 1060 3754 quod
1097 3678 1153 3733 te
1195 3671 1544 3751 compellem,
1595 3669 1803 3750 optime
1835 3674 2033 3750 pater.
2132 3668 2201 3731 Ut
2246 3674 2352 3730 tua
2395 3669 2457 3731 in
2504 3690 2591 3731 me

591 3805 821 3879 merita,
885 3804 974 3866 ita
1030 3827 1185 3867 meus
1244 3826 1380 3885 erqa
1438 3811 1493 3866 te
1554 3804 1782 3866 animus
1826 3802 2124 3884 publicam
2170 3802 2590 3888 professionem

592 3959 693 4000 nec
751 3936 1051 4021 requirunt
1094 3960 1196 3999 nec
1240 3936 1570 3999 admittunt.
1668 3936 1786 3998 Pro
1832 3937 1935 3999 hoc
1978 3941 2167 3999 tamen
2210 3956 2322 3997 non
2359 3956 2592 4016 possum

587 4094 700 4135 non
736 4073 937 4152 palam
989 4071 1096 4133 tibi
1131 4070 1362 4151 qratias
1407 4093 1575 4149 ayere
1586 4083 1607 4146 ,“
1652 4073 1807 4153 quod
1838 4070 1980 4132 mihi
2013 4092 2125 4133 non
2148 4074 2370 4131 tantum
2393 4074 2595 4131 auctor

584 4206 772 4288 operis
789 4255 804 4281 ‚
859 4209 962 4268 sed
1005 4206 1176 4268 etiam
1239 4205 1470 4287 affutor
1511 4204 1707 4289 fuisti
1720 4230 1738 4265 .·
1798 4226 1977 4288 quare
2034 4203 2089 4264 si
2149 4203 2252 4265 boc
2310 4201 2590 4284 specimen
