3025 5067
1303 414 1383 475 37

345 612 512 684 tante
559 628 620 685 et
663 622 927 685 instante
958 622 1090 706 ipso
1121 620 1438 705 DionysiO,
1475 620 1653 684 cuius
1685 620 1894 685 literae
1926 620 2003 683 ad
2032 620 2350 684 Platonem

347 748 892 805 commemorantur
905 791 924 819 ,
957 741 1136 806 Plato
1167 764 1358 825 quum
1397 740 1506 805 diu
1536 740 1871 805 reluctatus
1904 747 2079 818 esset,
2114 746 2241 805 tam
2273 740 2349 804 ob

348 848 744 945 superiorum'
771 861 1058 925 itinerum
1102 861 1460 925 frustratum
1491 868 1775 925 eventum
1806 882 1989 946 quam
2021 858 2349 923 senectutis

347 979 544 1065 gratia
589 1003 652 1044 se
698 996 988 1044 excusans
1004 1030 1023 1057 ,
1069 979 1314 1044 tandem
1360 980 1689 1065 profiscisci
1729 980 1972 1057 statuit,
2006 984 2079 1042 ut
2108 977 2350 1063 tyranni

348 1098 618 1162 animum
663 1105 923 1163 tentaret
967 1104 1028 1162 et
1067 1097 1438 1183 experiretur
1483 1099 1713 1180 πότερον
1744 1096 1914 1169 ὅντως
1946 1096 2029 1171 εἴη
2065 1093 2352 1167 Διονύσιος

349 1214 668 1293 ἐξημμένος
723 1218 830 1282 ὑπὸ
873 1216 1256 1299 Φιλοσοφίας,
1302 1213 1488 1296 ὥσπερ
1534 1216 1735 1297 πυρὸς,
1784 1215 1817 1289 ἢ
1862 1214 2059 1292 μάτην
2102 1213 2130 1277 ὅ
2174 1213 2353 1283 πολὺς

346 1330 510 1404 οὗτος
555 1333 704 1399 ἔλθοι
746 1334 920 1411 λόγος
960 1332 1256 1414 Ἀθήναζε.
1307 1356 1364 1419 p.
1403 1336 1529 1397 340
1577 1332 1651 1397 B.
1744 1331 1911 1395 Haec
1958 1354 2112 1415 quae
2143 1330 2351 1415 paucis

345 1452 546 1517 verbis
606 1452 730 1516 dixi
785 1452 968 1537 longa
1014 1453 1283 1517 oratione
1331 1460 1392 1516 et
1437 1475 1545 1538 per
1587 1452 1812 1516 multas
1860 1450 2142 1536 ambages
2190 1471 2356 1513 enar-

343 1580 576 1637 rantur.
669 1572 788 1636 Hic
834 1571 1013 1637 dictis
1059 1572 1306 1658 exponit
1360 1579 1672 1651 accurate,
1722 1572 1971 1656 quinam
2003 1568 2354 1654 aptissimus

344 1694 430 1757 sit
485 1692 868 1777 ingeniorum
921 1690 1176 1772 ἔλεγχος
1190 1741 1210 1769 ,
1258 1692 1366 1775 qui
1413 1692 1681 1777 optimus
1728 1689 1945 1754 modus
1994 1687 2350 1773 explorandi

342 1834 493 1875 num
548 1810 684 1907 quis
731 1809 998 1874 indolem
1043 1809 1262 1874 habeat
1310 1832 1447 1873 vere
1491 1809 1811 1891 φιλόσοφον
1859 1816 1920 1872 et
1969 1808 2169 1871 animo
2216 1829 2357 1871 con-

343 1929 573 2014 ceperit
630 1927 812 2009 ἔρωτοι
868 1933 972 1993 τοῦ
1015 1928 1329 2005 βελτίστου
1373 1927 1527 2005 βίου.
1624 1925 1767 2007 Quo
1812 1927 2049 2006 ἐλέγχῳ
2094 1946 2243 1988 usus
2288 1924 2354 1990 in

341 2048 640 2131 Dionysio
698 2024 862 2111 mox*
898 2046 1128 2110 invenit
1190 2068 1327 2110 eum
1389 2046 1627 2131 opinari
1690 2045 1915 2109 multas
1980 2051 2165 2127 atque
2228 2065 2358 2127 gra-

340 2165 616 2229 vissimas
682 2163 1097 2249 philosophiae
1156 2170 1355 2249 partes
1412 2186 1476 2227 se
1537 2164 1687 2228 scire
1704 2212 1723 2241 ,
1786 2163 1936 2247 quin
2000 2161 2183 2227 etiam
2199 2210 2220 2237 ,
2284 2167 2357 2224 ut

339 2283 682 2361 ferebatur,
757 2283 852 2347 his
929 2281 1004 2347 de
1077 2282 1258 2347 rebus
1331 2280 1613 2345 nonnihil
1710 2280 1935 2366 scripto
2016 2279 2355 2345 mandasse.

341 2402 532 2483 Quod
589 2403 794 2488 ipsum
852 2400 1095 2466 Platoni
1156 2408 1511 2486 argumento
1575 2408 1703 2465 erat
1762 2422 1904 2465 eum
1965 2422 2090 2465 non
2134 2422 2361 2485 germa-

340 2543 495 2585 num
541 2543 669 2584 esse
712 2520 1174 2606 philosophum:
1225 2540 1288 2583 se
1335 2518 1495 2583 enim
1528 2518 1769 2583 nullum
1806 2540 2077 2602 unquam
2107 2516 2359 2581 verbum

341 2639 422 2704 de
466 2638 856 2725 philosophia
914 2636 1205 2716 edidisse,
1259 2644 1335 2701 ut
1379 2660 1537 2722 quae
1580 2658 1707 2701 non
1751 2637 1976 2715 literis,
2026 2636 2131 2700 sed
2177 2636 2358 2720 longo

338 2766 585 2823 tantum
629 2758 986 2822 commercio
1034 2764 1096 2821 et
1141 2756 1385 2821 assidua
1431 2755 1883 2821 consuetudine
1912 2754 2075 2819 tradi
2106 2761 2167 2819 et
2196 2777 2361 2819 men-

339 2876 512 2942 tibus
556 2875 848 2940 inculcari
890 2876 1102 2961 possit.
1152 2874 1217 2939 Si
1263 2875 1371 2959 qui
1419 2879 1568 2938 sunt
1599 2874 1707 2958 qui
1738 2874 2093 2959 scripserint
2123 2872 2198 2937 de
2227 2872 2360 2957 phi-

340 2994 656 3080 losophia,
704 2994 937 3065 τούτους
981 2995 1082 3058 οὐκ
1127 2992 1248 3059 ἔστι
1265 3043 1283 3071 ,
1315 2992 1557 3076 inquit,
1590 2991 1751 3057 κοιτοὶ
1780 3016 1856 3071 γε
1886 2993 1990 3068 τὴν
2021 2992 2162 3069 ἐμὴν
2192 2990 2359 3067 δόξαν

345 3112 476 3195 περὶ
536 3119 636 3179 τοῦ
699 3109 1054 3193 πράγματος
1113 3112 1334 3177 ἐπαΐειν
1395 3112 1549 3177 οὐδέν
1568 3160 1582 3176 .
1651 3110 1845 3177 οὔκουν
1903 3109 2039 3189 ἐμόν
2097 3133 2172 3187 γε
2231 3108 2358 3191 περὶ

345 3236 536 3298 αὐτῶν
593 3234 714 3298 ἐστι
773 3232 1156 3314 σύγγραμμα
1201 3229 1352 3296 οὐδὲν
1411 3231 1534 3295 οὐδὲ
1578 3230 1807 3310 μήποτε
1852 3229 2089 3307 γένηται
2105 3278 2123 3313 ,
2169 3226 2358 3309 ῥητέον

343 3354 466 3433 γὰρ
523 3352 784 3429 οὐδαμῶς
843 3353 995 3417 ἐστιν
1053 3353 1124 3423 ὥς
1189 3348 1356 3416 ἄλλοι
1411 3350 1747 3429 μαθήματα
1809 3350 1930 3415 κτὲ.
1997 3372 2057 3434 p.
2106 3350 2232 3413 341
2283 3346 2351 3412 O.

345 3470 513 3535 Hinc
556 3470 740 3555 longa
784 3468 1074 3553 digressio
1122 3468 1198 3533 de
1242 3476 1464 3533 natura
1504 3478 1613 3544 τῆς
1661 3470 1985 3546 ἐπιστήμης
2004 3516 2022 3551 ,
2070 3488 2193 3549 qua
2236 3465 2358 3529 effl-

349 3591 511 3655 citur
577 3572 707 3652 eam
773 3588 958 3651 talem
1015 3610 1143 3652 esse
1202 3597 1276 3651 ut
1334 3587 1527 3652 literis
1593 3586 1936 3671 consignari
1995 3606 2107 3649 nec
2166 3584 2360 3669 possit

351 3732 466 3773 nec
525 3708 767 3785 debeat,
821 3732 880 3793 p.
931 3710 1056 3771 342
1105 3712 1275 3772 A—
1298 3709 1424 3771 345
1473 3706 1543 3771 O.
1636 3698 1821 3787 Quae⁴
1855 3706 2187 3791 disputatio
2230 3711 2357 3768 tam

350 3828 550 3893 multa
607 3806 790 3892 habet
837 3834 899 3891 et
949 3826 1148 3892 verbis
1211 3834 1271 3890 et
1328 3826 1510 3891 rebus
1572 3826 1823 3890 confusa
1882 3832 1943 3890 et
1988 3824 2243 3890 obscura
2284 3830 2357 3891 ut

348 3970 543 4034 paene
587 3946 864 4034 aenigma
905 3945 1104 4031 legere
1147 3954 1209 4011 te
1255 3946 1481 4010 credas,
1511 3946 1560 4030 l)

421 4208 470 4270 1)
503 4207 596 4256 Hic
629 4206 762 4259 locus
794 4206 920 4259 infra
952 4200 1146 4259 seorsim
1182 4222 1210 4258 a
1245 4220 1318 4254 me
1351 4203 1650 4259 tractabitur.
