3025 5067
1278 382 1363 477 {35

316 585 594 649 omnium
619 608 774 669 quae
791 586 1121 671 Dionysius
1147 587 1406 672 superbe
1431 595 1491 651 et
1515 588 1863 673 importune
1888 589 2109 652 faceret
2126 612 2329 652 suaso-

314 726 448 767 rem
475 704 531 767 ei
555 705 742 768 fuisse
765 704 1101 769 Platonem.
1155 705 1250 768 Ad
1273 707 1422 771 haec
1448 713 1772 791 postquam
1794 707 2091 792 Dionysio
2115 708 2180 771 in
2208 730 2328 772 me-

314 823 573 886 moriam
603 824 905 887 revocavit
920 872 940 901 ,
985 846 1048 887 se
1095 846 1234 887 cum
1264 807 1371 888 illo
1394 823 1552 888 nihil
1564 825 1697 917 ‘fere
1719 831 1829 890 τῶν
1853 832 2153 890 πολιτικῶν
2176 832 2329 889 trac-

315 946 480 1005 tasse
540 941 659 1004 nisi
717 938 884 1005 ἄλλα
930 966 996 1005 τε
1047 942 1292 1021 βραχέαι
1334 939 1496 1007 ἄττα
1543 942 1642 1008 καὶ
1690 943 1813 1023 περὶ
1860 943 1943 1007 τὰ
1985 948 2097 1009 τῶν
2144 944 2326 1021 νόμων

311 1059 584 1139 προοίμια
651 1042 1066 1124 σπουδάσαντα
1133 1061 1213 1146 (p.
1287 1063 1413 1124 316
1485 1062 1600 1144 A),
1665 1062 1790 1146 jam
1859 1061 1933 1125 ad
2002 1069 2326 1146 utramque

309 1176 794 1242 criminationem
839 1201 902 1241 se
946 1199 1378 1263 responsurum
1425 1178 1575 1242 dicit
1606 1204 1619 1242 ε
1669 1177 1803 1259 πρὸς
1847 1178 1940 1243 δύο
1985 1180 2050 1253 δή
2096 1204 2189 1255 μοι
2215 1158 2327 1245 διτ-

311 1294 430 1366 τὰς
473 1296 792 1373 ἀναγκαῖον
836 1296 1178 1369 ποιήσαιο-θαι
1223 1296 1335 1368 τὰς
1379 1296 1727 1375 ἀπολογίας.
1785 1296 2055 1361 Primum
2102 1296 2325 1361 crimen

311 1414 558 1497 repellit
617 1414 1025 1479 ostendendo:
1083 1417 1156 1483 ὥς
1213 1414 1439 1488 εἰκότως
1485 1439 1570 1480 σοι
1616 1414 1835 1495 ἔφυγον
1878 1424 2150 1481 κοινωνεῖν
2196 1417 2323 1498 περὶ

309 1534 397 1598 τὰ
441 1541 545 1607 τῆς
591 1532 810 1606 πόλεως
855 1536 1217 1625 πράγματα.
1310 1532 1386 1597 Id
1432 1534 1651 1618 probat
1702 1556 1733 1597 e
1765 1535 2121 1599 commercio
2155 1536 2321 1619 quod

309 1652 435 1737 ipsi
487 1651 796 1737 Syracusis
844 1651 1089 1737 degenti
1135 1674 1274 1716 cum
1323 1649 1617 1737 Dionysio
1664 1652 2101 1717 intercessisset
2113 1702 2133 1731 ‚
2182 1660 2244 1716 et
2288 1675 2321 1716 e

310 1771 553 1836 casibus
614 1793 768 1855 quos
828 1771 914 1835 ibi
972 1779 1128 1835 esset
1190 1777 1490 1855 expertus.
1584 1770 1917 1850 Memorat,
1967 1794 2159 1855 quum
2204 1772 2322 1856 pri-

308 1912 483 1954 mum
514 1890 774 1953 venisset
805 1889 1128 1975 Syracusas
1144 1940 1162 1967 ,
1195 1890 1487 1969 Dionem,
1522 1890 1822 1975 optimum
1852 1890 2049 1954 virum
2061 1940 2079 1969 ‚
2114 1913 2149 1953 a
2178 1890 2322 1954 Dio-

307 2008 486 2093 nysio
531 2008 853 2094 expulsum
899 2030 1060 2086 esse,
1103 2031 1166 2073 se
1211 2009 1276 2072 in
1309 2008 1450 2072 aula
1477 2008 1637 2073 inter
1666 2009 1845 2073 vilem
1878 2015 2319 2073 assentatorum

307 2127 557 2191 turbam
617 2133 957 2204 retentum;
1020 2150 1057 2191 a
1116 2149 1238 2211 quo
1299 2134 1569 2212 tempore
1628 2126 1813 2191 missa
1872 2150 1936 2191 se
1980 2127 2193 2191 fecisse
2237 2128 2319 2192 τὰ

309 2246 586 2310 πολιτικὰ
602 2295 621 2328 ,
667 2245 854 2329 idque
901 2266 1094 2309 unum
1141 2245 1332 2330 egisse
1376 2252 1450 2310 ut
1479 2244 1841 2331 Dionysium
1872 2252 1933 2309 et
1962 2246 2221 2311 Dionem
2252 2246 2317 2310 in

305 2363 568 2448 gratiam
613 2364 1046 2428 reconciliaret.
1115 2362 1428 2428 Postremo
1476 2386 1541 2427 se
1586 2386 1623 2427 a
1668 2363 1962 2450 Dionysio
2001 2363 2318 2428 dimissum

307 2504 440 2546 esse
501 2482 618 2545 hoc
676 2488 883 2567 Paete,
948 2488 1020 2546 ut
1034 2531 1053 2560 ,
1107 2480 1362 2566 'quando
1424 2480 1655 2546 bellum
1716 2482 1883 2566 quod
1942 2489 2077 2546 tum
2122 2482 2197 2546 ab
2246 2504 2316 2546 eo

303 2600 632 2685 gerebatur
692 2600 1094 2685 compositum
1156 2606 1340 2678 esset,
1390 2622 1515 2664 una
1560 2622 1700 2664 cum
1744 2599 1946 2665 Dione
1990 2598 2314 2685 Syracusas

300 2727 722 2784 reverteretur.
818 2718 974 2784 Pace
1034 2742 1175 2784 vero
1227 2720 1388 2785 facta
1397 2769 1416 2798 ,
1465 2742 1659 2803 quum
1704 2718 1833 2803 ipse
1880 2708 2045 2783 solus
2094 2742 2129 2783 a
2172 2718 2316 2781 Dio-

300 2837 480 2922 nysio
547 2844 928 2902 revocaretur
943 2887 962 2916 ,
1034 2839 1298 2924 primum
1370 2860 1433 2902 se
1499 2836 1567 2901 id
1628 2837 1943 2916 abnuisse,
2008 2844 2311 2923 postremo

299 2965 507 3022 tamen
568 2957 800 3021 triremi
845 2979 881 3020 a
924 2980 1062 3042 rege
1109 2957 1382 3021 Athenas
1426 2957 1613 3021 missa
1658 2956 2008 3021 arcessitum
2025 3005 2045 3035 ‚
2091 2955 2310 3021 Dionis

301 3076 756 3160 amicorumque
802 3076 1048 3139 hortatu
1094 3076 1158 3140 in
1205 3075 1473 3139 Siciliam
1520 3074 1858 3160 profectum
1905 3097 2067 3153 esse,
2102 3097 2173 3138 ea
2203 3097 2309 3159 spe

297 3197 432 3260 fore
490 3202 562 3259 ut
617 3202 872 3279 ruptum
931 3194 1293 3279 Dionysium
1353 3194 1513 3257 inter
1574 3200 1635 3258 et
1694 3192 1958 3257 Dionem
2010 3192 2309 3257 amicitiae

297 3315 638 3379 vinculum·
661 3319 983 3400 reparare-t.
1077 3311 1287 3392 Quum
1333 3320 1539 3376 autem
1583 3311 1907 3397 Syracusas
1946 3312 2209 3375 venisset
2250 3320 2311 3375 et

299 3431 467 3517 apud
512 3439 839 3516 tyrannum
884 3451 994 3515 pro
1037 3430 1230 3493 amico
1260 3429 1685 3507 intercederet,
1720 3452 1783 3493 se
1814 3428 2133 3492 fallacibus
2165 3427 2310 3491 Dio-

293 3551 460 3637 nysii
496 3549 808 3635 promissis
839 3571 908 3612 ac
940 3547 1096 3612 dolis
1131 3549 1369 3613 elusum
1401 3570 1531 3612 esse
1563 3554 1625 3612 et
1655 3546 2011 3633 deceptum,
2043 3545 2306 3611 Dionem

293 3670 474 3736 bonis
535 3674 789 3733 exutum
804 3717 824 3746 ‚
886 3666 1241 3731 familiarem
1291 3667 1420 3731 eius
1466 3665 1853 3731 Heraclidem
1898 3666 2166 3752 pulsum,
2216 3687 2306 3729 ce-

290 3798 456 3855 teros
501 3785 724 3850 amicos
772 3792 1006 3870 spretos
1053 3792 1114 3849 et
1159 3785 1402 3849 territos
1449 3806 1579 3848 esse
1594 3833 1612 3862 ‚
1656 3804 1727 3847 eo
1760 3790 2108 3869 praetextu,
2137 3782 2304 3868 quod

292 3908 560 3971 Dionem
603 3904 798 3990 pluris
852 3903 1118 3969 facerent
1163 3904 1414 3987 eiusque
1463 3902 1629 3966 salus
1675 3902 1869 3987 magis
1911 3901 2079 3965 cordi
2109 3900 2185 3964 iis
2216 3924 2303 3965 es-

291 4033 388 4093 set
433 4036 618 4110 quam
663 4023 963 4108 Dionysii.
1032 4023 1234 4102 Haec,
1282 4023 1520 4108 inquit,
1562 4022 1926 4087 documento
1976 4028 2121 4086 sunt
2151 4022 2301 4106 (τῆς)

293 4145 423 4227 περὶ
476 4143 560 4210 τὰ
605 4143 878 4208 πολιτικὰ
921 4144 1204 4218 κοινωνίαις
1255 4150 1359 4219 τῆς
1406 4143 1549 4220 ἐμῆς
1594 4141 1693 4207 καὶ
1740 4150 1873 4221 σῆς,
1918 4140 1979 4207 h.
2024 4163 2073 4205 e.
2120 4140 2298 4227 quale
