3025 5067
1293 428 1419 490 233

359 640 455 702 καὶ
503 649 576 719 τῇ
619 638 917 719 τυραννίδι.
1010 634 1396 715 Quibuscum
1449 632 1811 698 conferenda
1855 641 2001 696 sunt
2043 654 2200 716 quae
2232 633 2370 696 scri-

364 755 453 820 bit
496 755 752 833 ibidem,
802 779 861 841 p.
912 757 1041 818 330
1094 754 1178 832 B,
1228 756 1355 817 333
1422 753 1479 816 Α
1525 751 1611 830 G,
1681 758 1816 816 tum
1869 752 1935 816 in
1977 750 2176 835 Epist.
2225 749 2369 827 III,

327 898 419 960 .p.
469 878 596 938 315
658 874 713 938 E
729 924 747 952 ‚
808 898 842 937 e
896 895 1019 957 quo
1066 872 1201 937 loco
1247 877 1498 957 apparet
1549 870 2061 936 calumniatorum
2119 869 2367 934 illorum

362 994 694 1078 principem
728 984 1061 1057 Philistum
1090 991 1297 1056 fuisse.
1347 990 1463 1055 His
1495 988 1776 1055 addenda
1805 996 1952 1053 sunt
1974 1010 2132 1074 quae
2161 988 2373 1074 legun-

359 1120 461 1176 tur
518 1112 715 1197 Epist.
778 1110 942 1190 VII,
1004 1133 1065 1196 p.
1116 1113 1243 1175 349
1300 1109 1385 1187 E,
1441 1108 1551 1174 ubi
1595 1108 1930 1194 Dionysius
1986 1106 2232 1173 Platoni
2277 1128 2373 1171 ex·

360 1230 641 1316 probrat:
702 1229 788 1296 ὅτι
846 1235 1041 1303 καλῶς
1096 1230 1323 1312 οὐδαμῇ
1369 1238 1548 1301 ποιεῖς
1593 1227 1790 1295 Δίωνα
1835 1226 1932 1292 καὶ
1977 1227 2111 1299 τοὺς
2159 1227 2369 1299 Δίωνος

357 1350 566 1433 φίλους
609 1350 701 1415 ἀεὶ
745 1349 871 1430 περὶ
910 1350 1165 1422 πλείονος
1204 1351 1383 1415 αὐτοῦ
1420 1346 1575 1432 (scil.
1611 1354 1714 1413 τοῦ
1760 1346 2074 1441 Διονυσίου)
2105 1347 2367 1425 ποιούμε-

360 1492 479 1541 voc:
530 1468 696 1553 quod
741 1468 1005 1533 salutem
1049 1467 1301 1546 DioniS,
1350 1466 1727 1545 Heraclidis,
1772 1464 2104 1531 Theodotis
2149 1472 2372 1533 cetero-

358 1610 618 1673 rumque
673 1588 919 1672 tyranni
979 1586 1366 1651 inimicorum
1409 1585 1604 1671 magis
1650 1584 1820 1650 cordi
1880 1582 2131 1649 haberet
2182 1606 2366 1670 quam

357 1706 552 1792 ipsius
598 1705 927 1770 amicit-iam
973 1713 1035 1769 et
1078 1704 1582 1770 incolumitatem.

401 1805 407 1812 ⁸
447 1824 589 1890 Alia
633 1824 1032 1911 spargebatur
1076 1823 1417 1889 criminatio
1432 1872 1450 1903 ‚
1500 1822 1668 1908 quod
1699 1821 1875 1887 Plato
1905 1821 2201 1908 Dionysio
2232 1805 2367 1887 sua·

358 1940 527 2008 deret
570 1951 644 2009 ut
687 1942 1072 2029 imperiosius
1119 1965 1183 2007 se
1228 1948 1497 2029 gereret,
1547 1940 1836 2027 quodque
1882 1942 1938 2007 ei
1985 1940 2367 2007 dissuaderet

355 2060 423 2127 id
467 2061 669 2147 ipsum
714 2060 881 2145 quod
926 2068 1137 2146 postea
1173 2060 1435 2125 Dionem
1480 2068 1556 2124 ut
1598 2060 1821 2124 faceret
1862 2058 2142 2124 hortatus
2175 2066 2334 2125 esset
2350 2108 2368 2137 ,

356 2204 435 2245 ne
478 2180 720 2245 Siciliae
766 2180 1039 2245 civitates
1083 2180 1149 2245 in
1192 2179 1538 2245 libertatem
1583 2180 1931 2245 restitueret
1975 2178 2058 2264 (p.
2102 2181 2229 2243 315
2263 2178 2366 2264 D).

357 2299 456 2364 Ad
513 2299 671 2384 hanc
727 2298 1209 2363 criminationem
1254 2297 1641 2363 refutandam
1685 2298 1910 2385 scripta
1948 2292 2047 2363 'est
2091 2297 2370 2385 Epistola

354 2416 487 2496 III,
534 2418 678 2482 inde
724 2440 759 2481 a
790 2441 850 2504 p.
885 2419 1013 2481 319
1061 2418 1152 2495 Α,
1201 2425 1264 2482 et
1306 2416 1561 2483 eandem
1606 2416 1684 2482 ob
1709 2417 1918 2481 oculos
1951 2416 2172 2482 habere
2200 2417 2366 2483 vide·

355 2544 459 2600 tur
488 2536 767 2622 Epistola
795 2536 958 2615 VII,
1006 2560 1067 2623 p.
1116 2538 1245 2601 332
1292 2534 1380 2615 E,
1428 2536 1540 2601 ubi
1582 2536 1761 2600 Plato
1807 2535 1957 2601 dicit
2000 2544 2260 2621 tyranno
2298 2558 2362 2601 se

356 2654 710 2734 ostendisse,
743 2655 808 2720 id
831 2656 1089 2720 maxime
1114 2654 1497 2721 salutiferum
1530 2656 1657 2720 fore
1671 2704 1688 2733 ‚
1713 2656 1762 2719 εἲ
1784 2655 1896 2728 τὰς
1919 2652 2362 2733 ἐξηρημωμένας

357 2773 631 2848 Σικελίας
664 2774 859 2847 πόλεις
896 2774 1238 2840 xxv-ondam
1277 2776 1463 2853 νόμοις
1493 2799 1563 2840 τε
1584 2774 1872 2852 ξυνδήσειε
1894 2774 1990 2839 καὶ
2025 2774 2362 2847 πολιτείαις.

445 2892 731 2957 Ceterum
776 2891 1032 2957 discidia
1078 2901 1139 2957 et
1170 2893 1376 2978 jurgia
1404 2892 1723 2958 Platonem
1755 2893 1914 2958 inter
1948 2900 2008 2958 et
2039 2901 2365 2980 tyrannum

354 3034 476 3077 non
520 3012 684 3077 intra
725 3012 926 3098 regiae
970 3013 1227 3097 parietes
1274 3019 1562 3078 contenta
1606 3013 1792 3077 fuisse
1808 3063 1827 3091 ‚
1875 3012 1982 3078 sed
2027 3013 2093 3078 in
2137 3014 2362 3101 vulgus

352 3129 543 3209 elata,
590 3152 781 3215 eaque
825 3131 1039 3196 multis
1069 3132 1649 3202 rumoribusansam
1681 3132 1950 3211 dedisse,
1985 3156 2126 3199 cum
2156 3156 2264 3219 per
2299 3157 2363 3199 se

354 3248 641 3315 credibile
703 3258 827 3329 est,
899 3259 1032 3316 tum
1078 3251 1307 3317 indicio
1354 3262 1445 3317 est
1494 3252 1665 3337 quod
1709 3262 1746 3317 a'
1790 3251 2123 3317 Plutarcho
2166 3274 2368 3317 narra-

354 3374 458 3431 tur
501 3369 587 3433 in·
610 3366 829 3433 Timol.
863 3391 916 3434 c.
956 3372 1053 3434 15.
1115 3369 1407 3456 Legimus
1452 3371 1540 3436 ibi
1586 3371 2022 3436 Aristoxenum
2066 3370 2170 3436 xxi
2201 3395 2364 3445 τινας

355 3486 572 3557 ἄλλους
588 3536 607 3565 ,
664 3509 789 3573 quo
851 3494 1123 3575 tempore
1183 3488 1362 3553 Plato
1416 3490 1547 3575 jam
1607 3489 1770 3554 diem
1823 3488 2091 3570 obierat,
2115 3490 2367 3575 ‚Diony-

354 3605 514 3673 sium
582 3605 863 3672 Corinthi
924 3606 1305 3672 exsulantem
1359 3608 1578 3673 adiisse
1639 3616 1701 3674 et
1753 3631 1827 3673 ex
1893 3629 1965 3671 eo
2027 3608 2364 3673 sciscitatus

355 3747 518 3790 esse:
566 3722 761 3790 ἔπαθεν
804 3724 963 3806 αὐτῷ
1002 3726 1100 3791 καὶ
1148 3727 1236 3800 τίς
1278 3730 1311 3802 ἦ
1356 3726 1493 3809 πρὸς
1537 3727 1834 3793 Πλάτωνα
1864 3725 2081 3805 γένοιτο
2109 3726 2360 3808 μέμψις.

356 3842 599 3925 Quibus
646 3843 752 3909 ille
796 3844 1179 3931 respondisse
1224 3846 1436 3925 fertur,
1487 3845 1876 3911 adulatorum
1905 3846 2366 3912 machinationi-

354 3962 470 4027 bus
518 3984 582 4026 se
628 3962 829 4027 fructu
850 4012 869 4041 ‚
934 3984 1115 4047 quem
1165 3964 1471 4059 percipere
1522 3987 1554 4028 e
1598 3964 1876 4030 Platonis
1922 3965 2366 4031 consuetudine

353 4078 686 4167 potuisset,
736 4080 1099 4147 destitutum
1143 4106 1290 4148 esse.

443 4196 663 4288 Neque
736 4200 1082 4295 mirandum
1144 4201 1197 4270 si
1256 4202 1508 4271 fuerunt
1561 4204 1670 4289 qui
1729 4203 1974 4271 Platoni
2033 4205 2098 4270 id
2157 4205 2359 4292 ipsum
