3025 5067
1606 356 1686 417 14

643 563 932 648 epistolae
977 570 1218 627 tantum
1265 564 1482 648 probat
1499 613 1519 640 ,
1569 563 1925 647 scriptorem
1972 563 2079 647 qui
2126 585 2257 626 eam
2312 562 2660 647 composuit

640 662 845 765 inepte
905 692 967 745 et
1024 684 1239 746 inscite
1298 683 1576 746 finxisse:
1642 705 1829 767 quare
1889 681 2304 746 restituendus
2352 691 2445 746 est
2491 680 2657 745 codi-

641 823 780 864 cum
825 800 1072 864 titulus:
1120 799 1372 866 Πλάτων
1419 800 1689 883 Διονυσίῳ
1734 797 1797 865 εὖ
1842 799 2135 880 πράττειν.
2166 802 2213 885 1)

729 916 874 982 Non
919 918 1142 982 maiore
1186 919 1318 982 iure
1362 917 1579 982 Dionis
1624 940 1847 982 nomen
1892 940 2002 1003 pro
2040 918 2295 982 Platone
2334 918 2659 981 substituit

640 1036 889 1100 Ficinus
947 1038 1013 1101 in
1059 1036 1172 1122 Ep.
1221 1036 1278 1097 V
1295 1086 1312 1114 ,
1361 1059 1543 1120 quem
1601 1026 1803 1101 tamen
1848 1037 2057 1122 plures
2104 1038 2296 1101 secuti
2343 1045 2517 1114 sunt,
2566 1059 2658 1099 re-

641 1156 1044 1220 clamantibus
1105 1155 1414 1219 codicibus
1469 1162 1531 1220 et
1575 1157 1705 1220 sine
1748 1156 2015 1219 ratione:
2065 1178 2207 1219 nam
2258 1155 2423 1240 quod
2476 1156 2658 1219 Plato

641 1274 727 1339 ibi
775 1274 850 1338 de
897 1298 959 1337 se
988 1275 1122 1359 ipso
1151 1275 1218 1337 in
1246 1275 1428 1339 tertia
1465 1277 1560 1358 (ut
1591 1275 1785 1359 aiunt)
1818 1296 2075 1359 persona
2104 1275 2403 1359 loquitur,
2452 1274 2517 1338 id
2534 1324 2553 1353 ,
2602 1275 2659 1339 si

643 1392 966 1456 verborum
1012 1392 1286 1456 ordinem
1331 1399 1393 1455 et
1437 1393 1651 1455 seriem
1698 1399 1961 1476 spectaS,
2012 1414 2083 1456 eo
2114 1392 2249 1456 loco
2280 1392 2438 1455 nihil
2469 1393 2659 1457 habet

645 1511 1012 1577 offensionis
1104 1512 1420 1581 Praeterea
1481 1519 1575 1575 est
1634 1510 1941 1576 Ciceronis
2004 1511 2175 1575 locus
2238 1513 2302 1574 in
2362 1510 2519 1595 Epp.
2576 1510 2657 1573 ad

645 1631 783 1693 Div.
831 1630 900 1707 I,
949 1634 986 1693 9
1034 1632 1068 1719 ᾗ
1119 1633 1232 1708 18,
1281 1631 1387 1695 ubi
1434 1631 1585 1694 haec
1632 1631 1889 1716 epistola
1934 1639 2007 1694 ut
2052 1654 2087 1694 a
2118 1630 2375 1694 Platone
2430 1630 2657 1715 scripta

645 1750 818 1812 citari
880 1748 1140 1812 videtur.
2474 1816 2477 1819 ,

735 1866 1016 1950 Denique
1075 1876 1221 1953 sgmt
1275 1866 1498 1949 quibus
1554 1865 1831 1950 Epistola
1892 1865 2085 1944 VIII,
2136 1866 2213 1929 ad
2260 1866 2475 1929 Dionis
2522 1888 2659 1950 pro-

645 1986 907 2069 pinquos
967 1986 1184 2063 missa,
1249 2008 1386 2070 pars
1445 2007 1573 2047 esse
1618 1984 1797 2047 VII³⁸
1858 1991 1919 2048 et
1964 1986 2107 2048 huic
2154 1984 2530 2049 annectenda
2575 1984 2659 2046 vi·-

645 2105 850 2167 detur:
894 2126 1077 2187 quam
1123 2104 1469 2188 opinionem
1508 2103 1722 2167 falsam
1755 2126 1883 2167 esse
1913 2104 2071 2168 infra
2100 2083 2414 2167 ostendam
2424 2131 2443 2181 3
2492 2126 2659 2167 nunc

645 2196 1134 2287 animadvertisse
1195 2210 1455 2286 sufficiat
1515 2222 1579 2285 id
1638 2244 1976 2307 repugnare
2020 2222 2323 2307 Thrasylli
2368 2222 2619 2286 notitiae
2634 2270 2656 2298 ‚

642 2341 976 2406 secundum
1025 2364 1204 2426 quem
1251 2363 1375 2404 non
1421 2362 1575 2419 una,
1624 2341 1729 2404 sed
1752 2342 1755 2345 ’
1776 2341 1935 2405 duae
1964 2342 2133 2405 fuere
2174 2340 2483 2426 Epistolae
2520 2340 2657 2417 πρὸς

643 2464 774 2544 τοὺς
821 2463 1030 2533 Δίωνος
1075 2461 1318 2532 οἰκείους.

733 2578 827 2643 Ex
885 2579 982 2669 his
1041 2578 1233 2663 igitur
1293 2578 1444 2641 effici
1504 2583 1733 2662 potest,
1796 2577 2104 2663 Epistolas
2151 2600 2306 2661 quae
2351 2578 2657 2663 hodieque

643 2697 917 2761 Platonis
973 2697 1218 2759 nomine
1275 2702 1517 2759 exstant
1577 2696 1815 2759 easdem
1878 2718 2006 2760 esse
2062 2718 2213 2780 quas
2259 2697 2428 2759 novit
2472 2696 2662 2759 Thra-

643 2816 832 2901 syllus
851 2866 870 2893 ,
917 2815 1145 2879 Tiberii
1191 2815 1460 2897 aequalis
1484 2816 1535 2899 2)
1550 2841 1569 2891 3
1618 2822 1845 2878 ceteras
1892 2837 2048 2899 quae
2092 2814 2366 2879 Platonis
2412 2815 2665 2879 nomine

642 2936 967 3020 inscriptae
1029 2936 1094 2998 in
1155 2934 1599 2998 Socraticorum
1658 2934 1953 3020 Epistolis
1998 2934 2313 3012 feruntur,
2360 2934 2453 2998 illi
2497 2934 2661 2997 inco-

645 3056 845 3140 gnitas
891 3054 1097 3117 fuisse.
1191 3053 1372 3117 Unde
1419 3061 1669 3138 apparet
1716 3076 1910 3117 errare
1956 3075 2057 3116 eos
2105 3054 2213 3136 qui
2252 3052 2469 3117 harum
2499 3052 2656 3137 Epp.

643 3173 972 3237 nonnullas
1032 3194 1066 3234 a
1113 3170 1460 3235 Christiano
1506 3171 1754 3235 homine
1799 3172 2085 3235 confictas
2133 3194 2262 3235 esse
2308 3172 2655 3257 opinantur.

713 3386 762 3445 1)
797 3385 868 3433 Eo
915 3384 1096 3433 corruit
1144 3384 1371 3433 Boeckhii
1407 3384 1570 3449 opinio
1605 3385 1656 3433 in
1692 3385 1881 3434 Platon.
1916 3384 2038 3433 Min.
2073 3400 2103 3449 p
2138 3385 2229 3441 43,
2275 3384 2355 3448 qui
2390 3382 2532 3446 hujus
2566 3381 2661 3445 epi-

645 3480 795 3528 stolae
829 3479 933 3528 loco
966 3479 1264 3528 inserendam
1296 3479 1494 3544 putabat
1528 3496 1671 3529 uuam
1707 3496 1733 3527 e
1768 3478 2051 3537 Socraticis,
2088 3478 2260 3527 XXIV.
2313 3478 2437 3527 Item
2462 3477 2657 3527 illorum

646 3575 727 3639 qui
786 3574 1054 3639 Epistolam
1107 3575 1224 3623 XlIl
1269 3575 1336 3622 ad
1389 3574 1665 3639 Dionysium
1714 3574 1763 3622 in
1817 3574 1933 3623 duas
1984 3574 2211 3637 epistolas
2261 3573 2439 3623 vellent
2483 3572 2655 3631 dividi,

644 3674 700 3719 ut
732 3670 910 3734 placuit
947 3670 1282 3733 Wesselingio‚
1316 3669 1687 3728 TeninemannO,
1727 3670 1865 3718 Astio
1900 3673 1966 3734 (p.
2010 3668 2105 3717 529
2132 3671 2240 3733 sq.).
2308 3672 2655 3733 Argumentum

645 3781 738 3830 quo
784 3765 955 3814 horum
991 3765 1152 3829 opinio
1187 3765 1384 3824 nititur,
1435 3763 1563 3828 quod
1596 3781 1763 3829 nempe
1799 3765 2085 3815 Plutarchus
2118 3765 2168 3814 in
2202 3769 2411 3814 extrema
2446 3763 2657 3827 Epistola

643 3860 820 3925 scripta
854 3877 954 3909 esse
989 3864 1218 3909 memorat
1251 3876 1369 3923 quae
1402 3876 1530 3909 nunc
1564 3860 1611 3909 in
1647 3860 1802 3910 media
1834 3861 2083 3926 leguntur,
2117 3860 2166 3908 id
2200 3863 2336 3909 acute
2368 3860 2509 3909 diluit
2530 3860 2653 3908 Her·

645 3972 816 4015 mann,
853 3956 960 4005 libr.
996 3955 1122 4005 laud.
1156 3970 1203 4019 p.
1243 3938 1355 4004 591.
1389 3960 1490 4005 not.
1526 3956 1638 4005 214.

710 4049 758 4111 2)
791 4051 865 4099 De
900 4050 988 4098 hoc
1014 4050 1106 4099 vid.
1139 4050 1358 4108 Jonsius,
1393 4050 1464 4097 De
1499 4050 1661 4113 script.
1696 4049 1807 4099 hi‘st.
1844 4048 1959 4114 phil.
1983 4049 2093 4108 ΙΙΙ,
2128 4065 2169 4097 c.
2197 4049 2255 4107 3,
2292 4050 2381 4107 18;
2415 4048 2651 4112 imprimis

645 4162 759 4195 vero
794 4146 1018 4204 Siickow,
1054 4146 1142 4193 Die
1177 4146 1295 4194 wisa.
1332 4161 1379 4194 u.
1414 4146 1594 4194 kunstl.
1630 4146 1772 4194 Form
1807 4146 1889 4194 der
1922 4144 2049 4193 Plat.
2086 4145 2219 4194 Schr.
2254 4160 2301 4208 p.
2340 4144 2621 4197 167—175.
