3025 5067
1673 397 1755 459 80

704 624 830 666 non
876 601 1074 667 solum
1120 602 1380 667 obscura
1425 611 1572 667 sunt
1617 603 1695 668 ob
1736 603 2027 669 omissum
2062 624 2283 668 nomen
2312 602 2689 683 Ἡρακλείδην
2710 656 2731 680 ,

703 720 810 785 sed
871 721 1054 786 etiam
1100 744 1285 807 prava
1330 721 1611 787 laborant
1665 723 2136 790 constructione.
2227 723 2503 789 Verbum
2547 722 2725 801 ἀξιῶ,

703 839 870 925 quod
933 840 1173 925 proprie
1229 840 1531 925 significat
1576 864 1818 927 aequum
1862 845 2007 907 duco
2022 892 2041 920 ‚
2105 842 2262 927 regit
2309 842 2732 907 accusativum

701 982 840 1023 cum
902 958 1236 1025 infinitivo:
1301 981 1490 1044 quare
1552 960 1674 1024 dici
1732 932 1933 1045 potest
1976 959 2117 1037 ἀξιῶ
2163 961 2535 1042 Ἡρακλείδην
2578 963 2735 1026 ἄπο-

703 1084 870 1143 πλεῒν
887 1132 905 1155 ,
967 1102 1104 1162 royo
1161 1086 1428 1165 (aequum
1487 1081 1660 1174 duco)
1724 1078 2088 1143 Heraclidem
2148 1080 2308 1144 abire
2320 1108 2349 1156 ;
2402 1101 2535 1169 ,non
2580 1100 2730 1143 vero

701 1196 842 1273 οὶξιῶ
889 1198 1207 1281 Διονύσιον,
1255 1197 1627 1277 Ἡρακλείδην
1669 1200 1980 1263 οὶποπλεῖν.
2038 1196 2152 1262 Est
2196 1197 2345 1263 haec
2392 1204 2552 1263 certe
2582 1220 2727 1262 con-

703 1316 960 1380 structio
1005 1316 1224 1401 peioris
1269 1322 1470 1380 notae.
1544 1313 1642 1378 Ita
1686 1321 1890 1379 tamen
1935 1323 2143 1381 noster
2172 1317 2381 1381 statim
2413 1316 2729 1401 loquitur:

706 1434 994 1500 Διονύσιον
1053 1434 1194 1511 ἀξιῶ
1258 1435 1356 1499 καὶ
1397 1434 1639 1511 δέομαι.
1668 1485 1683 1500 .
1711 1483 1726 1500 .
1780 1434 1954 1512 μηδὲν
2010 1437 2169 1516 αὐτῷ
2214 1440 2477 1517 φλαῦρον
2522 1436 2732 1512 γίγνε-

703 1554 828 1618 σθαι
846 1604 865 1629 ,
912 1552 1020 1617 ubi
1065 1560 1271 1617 tamen
1317 1552 1528 1616 addito
1577 1551 1757 1616 verbo
1804 1552 2003 1632 δέομαι
2035 1553 2265 1618 lenitur
2295 1553 2525 1618 abusus
2557 1553 2733 1617 verbi

701 1670 860 1746 ἀξιῶ.
954 1671 1209 1737 Insolite
1282 1693 1527 1755 quoque
1604 1670 1835 1736 dictum
1920 1678 2045 1735 est:
2118 1672 2273 1753 δεῦρο
2334 1672 2731 1752 Ἡραπλείδην

699 1790 936 1867 κομίσαι
983 1791 1118 1866 ἡμῖν
1164 1791 1240 1862 εἰς
1287 1790 1519 1867 λόγους.
1580 1788 1928 1873 Stephanus
1974 1790 2213 1874 putavit
2258 1812 2369 1874 pro
2409 1794 2547 1868 ἡμῖν
2579 1791 2730 1855 scri-

701 1907 969 1974 bendum
1017 1931 1144 1973 esse
1191 1907 1374 1986 ἥκεινς
1424 1917 1632 1971 tamen
1678 1929 1755 1971 ne
1804 1908 1891 1971 sic
1938 1907 2183 1993 quidem
2245 1908 2487 1993 elegans
2534 1910 2737 1973 nasci-

701 2034 802 2090 tur
847 2026 1257 2091 constructio:
1307 2027 1541 2103 κομίσαι
1588 2026 1743 2105 δεῦρο
1791 2024 1973 2102 sium!
2068 2026 2351 2111 Denique
2368 2076 2387 2107 ‚
2428 2050 2507 2091 ne
2540 2049 2731 2111 quem

701 2145 970 2210 offendat
1043 2145 1269 2209 durum
1340 2144 1719 2229 hyperbaton
1795 2145 2127 2229 particulae
2198 2146 2319 2225 γὰρ
2380 2147 2446 2209 in
2507 2147 2730 2210 initio:

701 2264 953 2330 Πλάτων
998 2266 1145 2347 γὰρ,
1193 2266 1308 2349 ἔφη
1356 2288 1499 2351 pro:
1549 2265 1722 2342 ἔλεγε
1748 2262 1869 2345 γαρ
1884 2314 1902 2347 ,
1935 2261 1975 2329 ὦ
2009 2263 2292 2343 Πλάτων,
2327 2268 2451 2333 κτὲ.
2469 2316 2489 2350 ,
2523 2266 2732 2331 simile

706 2384 1051 2469 exemplum
1113 2392 1202 2448 est
1263 2383 1339 2449 de
1396 2381 1587 2469 Legg.
1651 2383 1779 2463 IV,
1838 2407 1898 2470 p.
1951 2386 2074 2449 715
2124 2383 2209 2448 E:
2258 2382 2453 2466 ἄνδρες
2500 2386 2730 2463 τοίνυν,

705 2509 912 2586 φῶμεν
959 2503 1094 2584 πρὸς
1121 2504 1370 2577 αὐτούς.
1463 2504 1653 2568 Phua
1698 2502 1969 2569 eiusdem
2014 2504 2487 2570 constructionis
2530 2527 2742 2569 exem-

704 2621 808 2705 pla
851 2621 1100 2705 collegit
1144 2623 1280 2685 Ast.
1330 2620 1653 2686 Animadv.
1702 2621 1781 2685 ad
1826 2622 1888 2687 h.
1936 2622 1978 2685 l.
2028 2645 2087 2707 p.
2139 2624 2290 2685 216.

793 2738 937 2803 Non
982 2739 1186 2803 minus
1231 2738 1442 2825 pulcra
1487 2722 1635 2804 sunt
1679 2762 1833 2823 quae
1880 2740 2165 2825 deinceps
2198 2748 2578 2825 sequuntur:
2625 2751 2735 2822 Τῇ

705 2857 770 2935 δὴ
831 2858 992 2936 μετὰ
1057 2858 1278 2933 ταύτην
1323 2860 1426 2933 τὴν
1472 2859 1689 2938 ἡμέραν
1736 2860 1924 2934 δείλης
1971 2858 2250 2939 Εὐρύβιος
2294 2860 2393 2924 καὶ
2442 2860 2736 2937 Θεοδότης

703 2976 1086 3057 προσηλθέτην
1155 3001 1252 3055 μοι
1315 2977 1533 3059 σπουδῇ
1596 2978 2019 3059 τεθορυβημένω
2082 2980 2437 3057 θαυμαστῶς
2454 3030 2473 3055 ,
2533 2979 2633 3045 καὶ
2705 2981 2738 3045 ὃ

707 3094 986 3171 Θεοδότης
1015 3095 1215 3173 λέγει·
1262 3093 1541 3172 Πλάτων,
1580 3099 1696 3179 ἔφη
1713 3146 1730 3178 ,
1780 3098 2049 3178 παρῆσθα
2092 3097 2234 3178 χθὲς
2271 3093 2351 3169 οἷς
2388 3099 2513 3179 περὶ
2550 3101 2738 3179 Ἡρα-

710 3213 939 3288 κλείδην
963 3214 1248 3286 Διονύσιος
1279 3212 1564 3291 ὡμολόγει
1596 3214 1732 3294 πρὸς
1763 3215 1867 3292 ἐμὲ
1896 3214 1993 3279 καὶ
2033 3215 2128 3291 σε’;
2160 3222 2290 3287 Πῶς
2323 3216 2372 3279 δ’
2392 3216 2526 3293 οὕκ;
2552 3216 2736 3296 ἔφην.

705 3336 832 3395 Νῦν
877 3331 1060 3395 τοίνυν
1075 3380 1090 3406 ,
1137 3325 1174 3406 ἦ
1217 3332 1265 3395 δ’
1310 3327 1368 3397 ὃς
1382 3379 1402 3408 ,
1451 3331 1757 3410 περιθέουσι
1802 3331 2140 3397 πελτασταὶ
2177 3333 2392 3410 λαβεῖν
2429 3336 2741 3415 Ἡρακλεί-

705 3448 800 3521 δην
861 3447 1161 3529 ζητοῦντες
1177 3498 1196 3531 ,
1264 3448 1291 3512 ὁ
1329 3448 1389 3512 δε
1435 3445 1584 3514 εἶναι’
1616 3472 1697 3528 πη
1739 3450 1930 3531 ταύτῇ
1965 3449 2306 3516 κινδυνεύει.
2354 3452 2495 3516 ἀλλ’
2541 3453 2685 3529 ἡμῖν
2710 3504 2733 3529 ,

706 3565 853 3649 ἔφη,
900 3563 1375 3641 ξυνακολούθησον
1422 3566 1560 3647 πρὸς
1601 3566 1887 3632 Διονύσιον
1927 3566 2135 3649 οὶποὶση
2170 3578 2439 3650 μηχανῇ.
2502 3570 2735 3649 'naxo'-

703 3686 830 3763 μεθ’
887 3681 980 3751 οὖν
1038 3684 1135 3749 καὶ
1192 3685 1525 3761 εἰσήλθομεν
1585 3688 1723 3764 παρ’
1780 3685 1953 3751 αὐτὸν
1969 3736 1988 3769 ,
2039 3685 2140 3751 καὶ
2194 3688 2273 3753 τὼ
2318 3687 2427 3766 μὲν
2466 3688 2736 3764 ἑστάτην

704 3814 843 3887 σιγῇ
904 3803 1230 3885 δακρύοντε,
1298 3805 1412 3881 ἐγὼ
1459 3804 1506 3869 δ’
1534 3800 1690 3870 εἷπον
1718 3825 1731 3839 ⁰
1804 3801 1951 3870 Οἵδε
1995 3804 2371 3887 πεφόβηνται
2415 3807 2500 3885 μή
2543 3832 2599 3873 τι
2644 3809 2737 3874 σὺ

698 3924 871 4003 παρὰ
928 3922 1009 3988 τοὶ
1068 3923 1206 4003 χθὲς
1268 3922 1693 4000 ὡμολογημένα
1738 3924 1971 4005 ποιήσῃς
2019 3922 2143 4002 περὶ
2182 3924 2553 4004 Ἡρακλείδην
2596 3926 2739 3990 νεώ-

703 4064 858 4122 τερον
883 4060 900 4077 ·
960 4040 1116 4105 δοκεῖ
1173 4040 1292 4120 γοὶρ
1356 4064 1452 4119 μοι
1513 4042 1707 4125 ταύτῇ
1752 4066 1835 4124 πη
1877 4040 2180 4119 γεγονέναι
2220 4042 2465 4124 φανερὸς
2508 4045 2737 4108 οὶποτε-

704 4158 1071 4239 τραμμένος.
1143 4160 1170 4223 ὂ
1236 4159 1298 4223 δὲ
1331 4159 1619 4232 ὀἰκούσας
1674 4158 2015 4243 ἀνεφλέχθη
2072 4184 2139 4223 τε
2199 4160 2299 4224 καὶ
2361 4161 2732 4229 παντοδαπὰ
