<?xml version="1.0" encoding="UTF-8"?>
<!DOCTYPE html PUBLIC "-//W3C//DTD XHTML 1.0 Transitional//EN"
    "http://www.w3.org/TR/xhtml1/DTD/xhtml1-transitional.dtd">
<html xmlns="http://www.w3.org/1999/xhtml" xml:lang="en" lang="en">
 <head>
  <title>
</title>
<meta http-equiv="Content-Type" content="text/html;charset=utf-8" />
  <meta name='ocr-system' content='tesseract 3.04.00' />
  <meta name='ocr-capabilities' content='ocr_page ocr_carea ocr_par ocr_line ocrx_word'/>
</head>
<body>
  <div class='ocr_page' id='page_1' title='image "./commentatiocrit02karsgoog_0132.png"; bbox 0 0 3025 5067; ppageno 0'>
   <div class='ocr_carea' id='block_1_1' title="bbox 1644 391 1763 451">
    <p class='ocr_par' dir='ltr' id='par_1_1' title="bbox 1644 391 1763 451">
     <span class='ocr_line' id='line_1_1' title="bbox 1644 391 1763 451; baseline -0.008 0"><span class='ocrx_word' id='word_1_1' title='bbox 1644 391 1763 451; x_wconf 74' lang='lat'><strong>112</strong></span> 
     </span>
    </p>
   </div>
   <div class='ocr_carea' id='block_1_2' title="bbox 680 592 2717 4115">
    <p class='ocr_par' dir='ltr' id='par_1_2' title="bbox 626 592 2717 4115">
     <span class='ocr_line' id='line_1_2' title="bbox 695 592 2717 676; baseline -0.001 -18"><span class='ocrx_word' id='word_1_2' title='bbox 695 609 786 666; x_wconf 71' lang='grc' dir='ltr'><strong>λις</strong></span> <span class='ocrx_word' id='word_1_3' title='bbox 804 647 821 670; x_wconf 88' lang='grc'><em>,</em></span> <span class='ocrx_word' id='word_1_4' title='bbox 871 596 1186 676; x_wconf 78' lang='grc' dir='ltr'><strong>ἐλευθερίας</strong></span> <span class='ocrx_word' id='word_1_5' title='bbox 1230 596 1531 676; x_wconf 73' lang='grc' dir='ltr'><strong>διψήσασα</strong></span> <span class='ocrx_word' id='word_1_6' title='bbox 1553 645 1566 659; x_wconf 94' lang='grc'><strong>.</strong></span> <span class='ocrx_word' id='word_1_7' title='bbox 1592 646 1603 659; x_wconf 94' lang='grc'><em>.</em></span> <span class='ocrx_word' id='word_1_8' title='bbox 1628 644 1642 659; x_wconf 93' lang='grc'><em>.</em></span> <span class='ocrx_word' id='word_1_9' title='bbox 1680 595 1932 675; x_wconf 69' lang='grc' dir='ltr'><strong>ἀκράτου</strong></span> <span class='ocrx_word' id='word_1_10' title='bbox 1969 597 2153 670; x_wconf 77' lang='grc' dir='ltr'><strong><em>αὐτῆς</em></strong></span> <span class='ocrx_word' id='word_1_11' title='bbox 2197 595 2464 676; x_wconf 59' lang='grc' dir='ltr'><strong><em>μεθύει-θη.</em></strong></span> <span class='ocrx_word' id='word_1_12' title='bbox 2520 592 2717 674; x_wconf 77' lang='lat' dir='ltr'><strong>Quod</strong></span> 
     </span>
     <span class='ocr_line' id='line_1_3' title="bbox 697 711 2716 795; baseline 0 -19"><span class='ocrx_word' id='word_1_13' title='bbox 697 719 896 782; x_wconf 89' lang='lat' dir='ltr'><strong>autem</strong></span> <span class='ocrx_word' id='word_1_14' title='bbox 953 713 1038 778; x_wconf 89' lang='lat' dir='ltr'><strong>ibi</strong></span> <span class='ocrx_word' id='word_1_15' title='bbox 1085 713 1309 778; x_wconf 79' lang='lat' dir='ltr'><strong>dicitur</strong></span> <span class='ocrx_word' id='word_1_16' title='bbox 1332 718 1365 791; x_wconf 77' lang='grc' dir='ltr'><em>ἦ</em></span> <span class='ocrx_word' id='word_1_17' title='bbox 1390 712 1552 792; x_wconf 70' lang='grc' dir='ltr'><strong>ἄγαν</strong></span> <span class='ocrx_word' id='word_1_18' title='bbox 1574 714 1864 795; x_wconf 65' lang='grc' dir='ltr'><strong>ἀναρχία,</strong></span> <span class='ocrx_word' id='word_1_19' title='bbox 1890 713 2117 778; x_wconf 83' lang='lat' dir='ltr'><strong>factum</strong></span> <span class='ocrx_word' id='word_1_20' title='bbox 2142 712 2218 777; x_wconf 84' lang='lat' dir='ltr'><strong>ad</strong></span> <span class='ocrx_word' id='word_1_21' title='bbox 2242 711 2716 777; x_wconf 86' lang='lat' dir='ltr'><strong>similitudinem</strong></span> 
     </span>
     <span class='ocr_line' id='line_1_4' title="bbox 693 830 2711 918; baseline 0.001 -24"><span class='ocrx_word' id='word_1_22' title='bbox 693 830 842 896; x_wconf 90' lang='lat' dir='ltr'><strong>dicti</strong></span> <span class='ocrx_word' id='word_1_23' title='bbox 887 832 1160 897; x_wconf 78' lang='lat' dir='ltr'><strong>Platonis</strong></span> <span class='ocrx_word' id='word_1_24' title='bbox 1176 883 1195 911; x_wconf 91' lang='lat'>‚</span> <span class='ocrx_word' id='word_1_25' title='bbox 1245 837 1277 910; x_wconf 80' lang='grc' dir='ltr'><strong><em>ἡ</em></strong></span> <span class='ocrx_word' id='word_1_26' title='bbox 1329 830 1491 910; x_wconf 72' lang='grc' dir='ltr'><strong><em>ἄγαν</em></strong></span> <span class='ocrx_word' id='word_1_27' title='bbox 1536 833 1822 913; x_wconf 77' lang='grc' dir='ltr'><strong><em>ἐλευθερία</em></strong></span> <span class='ocrx_word' id='word_1_28' title='bbox 1839 884 1857 909; x_wconf 85' lang='grc'><strong>,</strong></span> <span class='ocrx_word' id='word_1_29' title='bbox 1906 831 2070 917; x_wconf 92' lang='lat' dir='ltr'><strong>quod</strong></span> <span class='ocrx_word' id='word_1_30' title='bbox 2117 832 2377 918; x_wconf 86' lang='lat' dir='ltr'><strong>legimus</strong></span> <span class='ocrx_word' id='word_1_31' title='bbox 2400 832 2466 895; x_wconf 86' lang='lat' dir='ltr'><strong>in</strong></span> <span class='ocrx_word' id='word_1_32' title='bbox 2490 831 2711 896; x_wconf 88' lang='lat' dir='ltr'><strong>eodem</strong></span> 
     </span>
     <span class='ocr_line' id='line_1_5' title="bbox 690 947 2715 1035; baseline 0 -23"><span class='ocrx_word' id='word_1_33' title='bbox 690 948 848 1013; x_wconf 84' lang='lat' dir='ltr'><strong>libro</strong></span> <span class='ocrx_word' id='word_1_34' title='bbox 920 949 995 1013; x_wconf 90' lang='lat' dir='ltr'><strong>de</strong></span> <span class='ocrx_word' id='word_1_35' title='bbox 1065 948 1214 1035; x_wconf 85' lang='lat' dir='ltr'><strong>Rep.</strong></span> <span class='ocrx_word' id='word_1_36' title='bbox 1288 972 1347 1034; x_wconf 87' lang='lat' dir='ltr'><strong>p.</strong></span> <span class='ocrx_word' id='word_1_37' title='bbox 1415 951 1542 1012; x_wconf 75' lang='lat'><strong>564</strong></span> <span class='ocrx_word' id='word_1_38' title='bbox 1604 951 1687 1012; x_wconf 89' lang='lat' dir='ltr'><strong>A:</strong></span> <span class='ocrx_word' id='word_1_39' title='bbox 1765 951 1798 1025; x_wconf 78' lang='grc' dir='ltr'><strong><em>ἦ</em></strong></span> <span class='ocrx_word' id='word_1_40' title='bbox 1858 949 1976 1032; x_wconf 72' lang='grc' dir='ltr'><strong>γαρ</strong></span> <span class='ocrx_word' id='word_1_41' title='bbox 2036 947 2198 1026; x_wconf 73' lang='grc' dir='ltr'><strong><em>ἄγαν</em></strong></span> <span class='ocrx_word' id='word_1_42' title='bbox 2258 950 2545 1029; x_wconf 71' lang='grc' dir='ltr'><strong><em>ἐλευθερία</em></strong></span> <span class='ocrx_word' id='word_1_43' title='bbox 2604 949 2715 1013; x_wconf 78' lang='grc' dir='ltr'><strong><em>ἔοι-</em></strong></span> 
     </span>
     <span class='ocr_line' id='line_1_6' title="bbox 693 1045 2711 1147; baseline -0.001 -14"><span class='ocrx_word' id='word_1_44' title='bbox 693 1094 788 1133; x_wconf 86' lang='grc' dir='ltr'><strong>κεν</strong></span> <span class='ocrx_word' id='word_1_45' title='bbox 819 1045 962 1134; x_wconf 33' lang='grc' dir='ltr'><strong>οὐκ.</strong></span> <span class='ocrx_word' id='word_1_46' title='bbox 1003 1069 1081 1140; x_wconf 77' lang='grc' dir='ltr'><strong>εἰς</strong></span> <span class='ocrx_word' id='word_1_47' title='bbox 1141 1069 1291 1134; x_wconf 76' lang='grc' dir='ltr'><strong><em>ἄλλο</em></strong></span> <span class='ocrx_word' id='word_1_48' title='bbox 1351 1093 1406 1135; x_wconf 81' lang='grc' dir='ltr'><strong>τι</strong></span> <span class='ocrx_word' id='word_1_49' title='bbox 1479 1069 1512 1144; x_wconf 77' lang='grc' dir='ltr'>ἢ</span> <span class='ocrx_word' id='word_1_50' title='bbox 1575 1069 1655 1140; x_wconf 84' lang='grc' dir='ltr'><strong>εἷς</strong></span> <span class='ocrx_word' id='word_1_51' title='bbox 1717 1066 1881 1146; x_wconf 73' lang='grc' dir='ltr'><strong><em>ἄγαν</em></strong></span> <span class='ocrx_word' id='word_1_52' title='bbox 1939 1068 2195 1134; x_wconf 74' lang='grc' dir='ltr'><strong>δουλείαν</strong></span> <span class='ocrx_word' id='word_1_53' title='bbox 2256 1067 2711 1147; x_wconf 72' lang='grc' dir='ltr'><strong><em>,αεταβοὶλλεινι</em></strong></span> 
     </span>
     <span class='ocr_line' id='line_1_7' title="bbox 694 1174 2717 1274; baseline -0 -23"><span class='ocrx_word' id='word_1_54' title='bbox 694 1186 918 1271; x_wconf 86' lang='lat' dir='ltr'><strong>quibus</strong></span> <span class='ocrx_word' id='word_1_55' title='bbox 932 1236 951 1265; x_wconf 88' lang='lat'><em>,</em></span> <span class='ocrx_word' id='word_1_56' title='bbox 997 1189 1251 1252; x_wconf 83' lang='lat' dir='ltr'><strong>mutatis</strong></span> <span class='ocrx_word' id='word_1_57' title='bbox 1299 1187 1491 1252; x_wconf 86' lang='lat' dir='ltr'><strong>verbis</strong></span> <span class='ocrx_word' id='word_1_58' title='bbox 1504 1238 1524 1266; x_wconf 92' lang='lat'>‚</span> <span class='ocrx_word' id='word_1_59' title='bbox 1572 1174 1943 1273; x_wconf 78' lang='lat' dir='ltr'><strong>respondent</strong></span> <span class='ocrx_word' id='word_1_60' title='bbox 1986 1188 2134 1253; x_wconf 90' lang='lat' dir='ltr'><strong>haec</strong></span> <span class='ocrx_word' id='word_1_61' title='bbox 2166 1209 2323 1272; x_wconf 83' lang='lat' dir='ltr'><strong>quae</strong></span> <span class='ocrx_word' id='word_1_62' title='bbox 2353 1188 2420 1253; x_wconf 89' lang='lat' dir='ltr'><strong>in</strong></span> <span class='ocrx_word' id='word_1_63' title='bbox 2451 1187 2717 1274; x_wconf 88' lang='lat' dir='ltr'><strong>epistola</strong></span> 
     </span>
     <span class='ocr_line' id='line_1_8' title="bbox 696 1305 2714 1394; baseline 0 -24"><span class='ocrx_word' id='word_1_64' title='bbox 696 1305 980 1394; x_wconf 80' lang='lat' dir='ltr'><strong>deinceps</strong></span> <span class='ocrx_word' id='word_1_65' title='bbox 1026 1307 1340 1392; x_wconf 86' lang='lat' dir='ltr'><strong>leguntur:</strong></span> <span class='ocrx_word' id='word_1_66' title='bbox 1390 1307 1617 1374; x_wconf 76' lang='grc' dir='ltr'><strong><em>δουλεία</em></strong></span> <span class='ocrx_word' id='word_1_67' title='bbox 1647 1309 1765 1389; x_wconf 69' lang='grc' dir='ltr'><strong>γαρ</strong></span> <span class='ocrx_word' id='word_1_68' title='bbox 1795 1309 1893 1373; x_wconf 79' lang='grc' dir='ltr'><strong>καὶ</strong></span> <span class='ocrx_word' id='word_1_69' title='bbox 1936 1307 2221 1388; x_wconf 79' lang='grc' dir='ltr'><strong><em>ἐλευθερία</em></strong></span> <span class='ocrx_word' id='word_1_70' title='bbox 2247 1306 2714 1387; x_wconf 67' lang='grc' dir='ltr'><strong>ὑπερβάλλουσα</strong></span> 
     </span>
     <span class='ocr_line' id='line_1_9' title="bbox 693 1422 2714 1507; baseline -0.003 -13.193"><span class='ocrx_word' id='word_1_71' title='bbox 693 1427 800 1505; x_wconf 76' lang='grc' dir='ltr'><strong>μὲν</strong></span> <span class='ocrx_word' id='word_1_72' title='bbox 860 1426 1108 1506; x_wconf 79' lang='grc' dir='ltr'><strong>ἑκατέρα</strong></span> <span class='ocrx_word' id='word_1_73' title='bbox 1175 1425 1486 1504; x_wconf 70' lang='grc' dir='ltr'><strong><em>πάγκακον</em></strong></span> <span class='ocrx_word' id='word_1_74' title='bbox 1501 1475 1517 1503; x_wconf 89' lang='grc'>,</span> <span class='ocrx_word' id='word_1_75' title='bbox 1563 1428 1843 1507; x_wconf 81' lang='grc' dir='ltr'><strong>ἔμμετρος</strong></span> <span class='ocrx_word' id='word_1_76' title='bbox 1890 1427 1938 1489; x_wconf 79' lang='grc' dir='ltr'><strong>δ’</strong></span> <span class='ocrx_word' id='word_1_77' title='bbox 1960 1422 2102 1491; x_wconf 81' lang='grc' dir='ltr'><strong><em>οὖσα</em></strong></span> <span class='ocrx_word' id='word_1_78' title='bbox 2155 1426 2515 1503; x_wconf 70' lang='grc' dir='ltr'><strong><em>πανάγαθον.</em></strong></span> <span class='ocrx_word' id='word_1_79' title='bbox 2586 1424 2714 1488; x_wconf 89' lang='lat' dir='ltr'><strong>His</strong></span> 
     </span>
     <span class='ocr_line' id='line_1_10' title="bbox 695 1543 2707 1631; baseline -0 -23"><span class='ocrx_word' id='word_1_80' title='bbox 695 1552 900 1608; x_wconf 84' lang='lat' dir='ltr'><strong>autem</strong></span> <span class='ocrx_word' id='word_1_81' title='bbox 962 1544 1358 1630; x_wconf 87' lang='lat' dir='ltr'><strong>subjungitur</strong></span> <span class='ocrx_word' id='word_1_82' title='bbox 1418 1545 1726 1631; x_wconf 83' lang='lat' dir='ltr'><strong>praeclara</strong></span> <span class='ocrx_word' id='word_1_83' title='bbox 1774 1545 2099 1609; x_wconf 84' lang='lat' dir='ltr'><strong>sententia:</strong></span> <span class='ocrx_word' id='word_1_84' title='bbox 2148 1546 2359 1625; x_wconf 77' lang='grc' dir='ltr'><strong>μετρία</strong></span> <span class='ocrx_word' id='word_1_85' title='bbox 2418 1543 2477 1608; x_wconf 74' lang='grc' dir='ltr'><strong>δὲ</strong></span> <span class='ocrx_word' id='word_1_86' title='bbox 2522 1548 2557 1620; x_wconf 79' lang='grc' dir='ltr'><strong><em>ἧ</em></strong></span> <span class='ocrx_word' id='word_1_87' title='bbox 2598 1545 2707 1626; x_wconf 78' lang='grc' dir='ltr'><strong>θεῷ</strong></span> 
     </span>
     <span class='ocr_line' id='line_1_11' title="bbox 693 1663 2713 1745; baseline 0 -17"><span class='ocrx_word' id='word_1_88' title='bbox 693 1663 951 1742; x_wconf 74' lang='grc' dir='ltr'><strong><em>δουλεία,</em></strong></span> <span class='ocrx_word' id='word_1_89' title='bbox 992 1663 1238 1744; x_wconf 72' lang='grc' dir='ltr'><strong>ἄμετρος</strong></span> <span class='ocrx_word' id='word_1_90' title='bbox 1283 1663 1344 1728; x_wconf 73' lang='grc' dir='ltr'><strong>δὲ</strong></span> <span class='ocrx_word' id='word_1_91' title='bbox 1388 1667 1420 1740; x_wconf 79' lang='grc' dir='ltr'><em>ἦ</em></span> <span class='ocrx_word' id='word_1_92' title='bbox 1467 1672 1587 1737; x_wconf 83' lang='grc' dir='ltr'><strong><em>τοῖς</em></strong></span> <span class='ocrx_word' id='word_1_93' title='bbox 1631 1665 1933 1745; x_wconf 70' lang='grc' dir='ltr'><strong><em>ἀνθρώποις</em></strong></span> <span class='ocrx_word' id='word_1_94' title='bbox 1957 1685 1970 1700; x_wconf 93' lang='grc'><em>·</em></span> <span class='ocrx_word' id='word_1_95' title='bbox 2022 1665 2139 1736; x_wconf 83' lang='grc' dir='ltr'><strong><em>θεὸς</em></strong></span> <span class='ocrx_word' id='word_1_96' title='bbox 2185 1664 2232 1728; x_wconf 78' lang='grc' dir='ltr'><strong>δ’</strong></span> <span class='ocrx_word' id='word_1_97' title='bbox 2254 1665 2553 1744; x_wconf 70' lang='grc' dir='ltr'><strong><em>ἀνθρώποις</em></strong></span> <span class='ocrx_word' id='word_1_98' title='bbox 2600 1666 2713 1728; x_wconf 75' lang='grc' dir='ltr'><strong><em>στί·-</em></strong></span> 
     </span>
     <span class='ocr_line' id='line_1_12' title="bbox 692 1779 2711 1866; baseline -0.001 -19"><span class='ocrx_word' id='word_1_99' title='bbox 692 1790 858 1866; x_wconf 78' lang='grc' dir='ltr'><em>φροσι</em></span> <span class='ocrx_word' id='word_1_100' title='bbox 905 1783 1070 1861; x_wconf 83' lang='grc' dir='ltr'><strong><em>νόμος</em></strong></span> <span class='ocrx_word' id='word_1_101' title='bbox 1088 1833 1106 1866; x_wconf 84' lang='grc'>,</span> <span class='ocrx_word' id='word_1_102' title='bbox 1152 1779 1363 1865; x_wconf 74' lang='grc' dir='ltr'><em>ἄφροσι</em></span> <span class='ocrx_word' id='word_1_103' title='bbox 1408 1783 1467 1847; x_wconf 77' lang='grc' dir='ltr'><strong>δὲ</strong></span> <span class='ocrx_word' id='word_1_104' title='bbox 1513 1783 1696 1862; x_wconf 75' lang='grc' dir='ltr'><strong><em>ἡδονή.</em></strong></span> <span class='ocrx_word' id='word_1_105' title='bbox 1765 1783 1973 1849; x_wconf 79' lang='lat' dir='ltr'><strong>Refert</strong></span> <span class='ocrx_word' id='word_1_106' title='bbox 2017 1784 2166 1847; x_wconf 87' lang='lat' dir='ltr'><strong>haec</strong></span> <span class='ocrx_word' id='word_1_107' title='bbox 2203 1783 2555 1860; x_wconf 81' lang='lat' dir='ltr'><strong>nobilitatos</strong></span> <span class='ocrx_word' id='word_1_108' title='bbox 2589 1781 2711 1844; x_wconf 90' lang='lat' dir='ltr'><strong>hos</strong></span> 
     </span>
     <span class='ocr_line' id='line_1_13' title="bbox 692 1901 2713 1987; baseline 0 -22"><span class='ocrx_word' id='word_1_109' title='bbox 692 1901 940 1966; x_wconf 84' lang='lat' dir='ltr'><strong>Pindari</strong></span> <span class='ocrx_word' id='word_1_110' title='bbox 995 1925 1239 1978; x_wconf 86' lang='lat' dir='ltr'><strong>versus,</strong></span> <span class='ocrx_word' id='word_1_111' title='bbox 1289 1923 1440 1986; x_wconf 91' lang='lat' dir='ltr'><strong>quos</strong></span> <span class='ocrx_word' id='word_1_112' title='bbox 1484 1924 1610 1966; x_wconf 88' lang='lat' dir='ltr'><strong>non</strong></span> <span class='ocrx_word' id='word_1_113' title='bbox 1657 1902 1836 1966; x_wconf 88' lang='lat' dir='ltr'><strong>seme]</strong></span> <span class='ocrx_word' id='word_1_114' title='bbox 1886 1903 2084 1987; x_wconf 87' lang='lat' dir='ltr'><strong>tangit</strong></span> <span class='ocrx_word' id='word_1_115' title='bbox 2128 1902 2338 1966; x_wconf 89' lang='lat' dir='ltr'><strong>Plato:</strong></span> <span class='ocrx_word' id='word_1_116' title='bbox 2394 1901 2591 1979; x_wconf 80' lang='grc' dir='ltr'><em>Νόμος</em></span> <span class='ocrx_word' id='word_1_117' title='bbox 2609 1953 2628 1976; x_wconf 91' lang='grc'>,</span> <span class='ocrx_word' id='word_1_118' title='bbox 2682 1903 2713 1966; x_wconf 82' lang='grc' dir='ltr'>ὅ</span> 
     </span>
     <span class='ocr_line' id='line_1_14' title="bbox 691 2020 2710 2104; baseline -0 -19"><span class='ocrx_word' id='word_1_119' title='bbox 691 2021 922 2087; x_wconf 74' lang='grc' dir='ltr'><strong><em>παντων</em></strong></span> <span class='ocrx_word' id='word_1_120' title='bbox 966 2021 1278 2104; x_wconf 72' lang='grc' dir='ltr'><strong><em>βασιλεὺς,</em></strong></span> <span class='ocrx_word' id='word_1_121' title='bbox 1327 2022 1540 2086; x_wconf 82' lang='grc' dir='ltr'><strong><em>θνατῶν</em></strong></span> <span class='ocrx_word' id='word_1_122' title='bbox 1584 2046 1651 2085; x_wconf 89' lang='grc' dir='ltr'><strong>τε</strong></span> <span class='ocrx_word' id='word_1_123' title='bbox 1701 2021 1800 2086; x_wconf 75' lang='grc' dir='ltr'><strong>καὶ</strong></span> <span class='ocrx_word' id='word_1_124' title='bbox 1848 2020 2147 2087; x_wconf 75' lang='grc' dir='ltr'><strong><em>οὶθανοέτων</em></strong></span> <span class='ocrx_word' id='word_1_125' title='bbox 2162 2071 2181 2100; x_wconf 85' lang='grc'>,</span> <span class='ocrx_word' id='word_1_126' title='bbox 2208 2020 2346 2098; x_wconf 67' lang='grc' dir='ltr'><strong>ἄγει</strong></span> <span class='ocrx_word' id='word_1_127' title='bbox 2378 2021 2604 2086; x_wconf 73' lang='grc' dir='ltr'><strong><em>δικοίιῶν</em></strong></span> <span class='ocrx_word' id='word_1_128' title='bbox 2636 2021 2710 2085; x_wconf 80' lang='grc' dir='ltr'><strong>τὸ</strong></span> 
     </span>
     <span class='ocr_line' id='line_1_15' title="bbox 691 2136 2710 2221; baseline -0.002 -17"><span class='ocrx_word' id='word_1_129' title='bbox 691 2136 1028 2217; x_wconf 80' lang='grc' dir='ltr'><strong><em>βιαιότατον</em></strong></span> <span class='ocrx_word' id='word_1_130' title='bbox 1075 2137 1373 2221; x_wconf 70' lang='grc' dir='ltr'><strong>ὑπερτάτα</strong></span> <span class='ocrx_word' id='word_1_131' title='bbox 1415 2139 1585 2219; x_wconf 79' lang='grc' dir='ltr'><em>χειρί.</em></span> <span class='ocrx_word' id='word_1_132' title='bbox 1637 2137 1777 2201; x_wconf 89' lang='lat' dir='ltr'><strong>Vid.</strong></span> <span class='ocrx_word' id='word_1_133' title='bbox 1826 2138 2073 2202; x_wconf 82' lang='lat' dir='ltr'><strong>Pindari</strong></span> <span class='ocrx_word' id='word_1_134' title='bbox 2120 2139 2191 2202; x_wconf 82' lang='lat' dir='ltr'><strong>fr.</strong></span> <span class='ocrx_word' id='word_1_135' title='bbox 2242 2145 2388 2203; x_wconf 87' lang='lat' dir='ltr'><strong>tom.</strong></span> <span class='ocrx_word' id='word_1_136' title='bbox 2438 2137 2540 2201; x_wconf 89' lang='lat' dir='ltr'><strong>III</strong></span> <span class='ocrx_word' id='word_1_137' title='bbox 2558 2187 2576 2215; x_wconf 89' lang='lat'>‚</span> <span class='ocrx_word' id='word_1_138' title='bbox 2608 2161 2710 2200; x_wconf 86' lang='lat' dir='ltr'><strong>nr.</strong></span> 
     </span>
     <span class='ocr_line' id='line_1_16' title="bbox 702 2252 2709 2340; baseline -0 -22"><span class='ocrx_word' id='word_1_139' title='bbox 702 2252 991 2320; x_wconf 79' lang='lat' dir='ltr'><strong>151.‘ed.</strong></span> <span class='ocrx_word' id='word_1_140' title='bbox 1038 2254 1305 2319; x_wconf 89' lang='lat' dir='ltr'><strong>Boeckh.</strong></span> <span class='ocrx_word' id='word_1_141' title='bbox 1353 2254 1511 2318; x_wconf 81' lang='lat' dir='ltr'><strong>Plat.</strong></span> <span class='ocrx_word' id='word_1_142' title='bbox 1560 2254 1728 2318; x_wconf 87' lang='lat' dir='ltr'><strong>Prot.</strong></span> <span class='ocrx_word' id='word_1_143' title='bbox 1776 2277 1835 2339; x_wconf 90' lang='lat' dir='ltr'><strong>p.</strong></span> <span class='ocrx_word' id='word_1_144' title='bbox 1888 2254 2116 2320; x_wconf 85' lang='grc'>1371).</span> <span class='ocrx_word' id='word_1_145' title='bbox 2151 2255 2227 2319; x_wconf 89' lang='lat' dir='ltr'><strong>de</strong></span> <span class='ocrx_word' id='word_1_146' title='bbox 2256 2253 2445 2339; x_wconf 87' lang='lat' dir='ltr'><strong>Legg.</strong></span> <span class='ocrx_word' id='word_1_147' title='bbox 2472 2253 2606 2332; x_wconf 90' lang='lat' dir='ltr'>III,</span> <span class='ocrx_word' id='word_1_148' title='bbox 2640 2278 2709 2340; x_wconf 89' lang='lat' dir='ltr'><strong>p.</strong></span> 
     </span>
     <span class='ocr_line' id='line_1_17' title="bbox 699 2373 2580 2458; baseline -0.001 -20"><span class='ocrx_word' id='word_1_149' title='bbox 699 2379 824 2438; x_wconf 88' lang='grc'><strong>690</strong></span> <span class='ocrx_word' id='word_1_150' title='bbox 873 2375 962 2453; x_wconf 89' lang='grc' dir='ltr'><strong>Β,</strong></span> <span class='ocrx_word' id='word_1_151' title='bbox 1019 2375 1094 2438; x_wconf 86' lang='lat' dir='ltr'><strong>ad</strong></span> <span class='ocrx_word' id='word_1_152' title='bbox 1143 2397 1323 2458; x_wconf 90' lang='lat' dir='ltr'><strong>quem</strong></span> <span class='ocrx_word' id='word_1_153' title='bbox 1368 2374 1573 2437; x_wconf 90' lang='lat' dir='ltr'><strong>locum</strong></span> <span class='ocrx_word' id='word_1_154' title='bbox 1620 2374 1695 2437; x_wconf 86' lang='lat' dir='ltr'><strong>cf.</strong></span> <span class='ocrx_word' id='word_1_155' title='bbox 1745 2374 1905 2437; x_wconf 88' lang='lat' dir='ltr'><strong>Astii</strong></span> <span class='ocrx_word' id='word_1_156' title='bbox 1951 2373 2271 2438; x_wconf 87' lang='lat' dir='ltr'><strong>Animadv.</strong></span> <span class='ocrx_word' id='word_1_157' title='bbox 2322 2396 2381 2458; x_wconf 90' lang='lat' dir='ltr'><strong>p.</strong></span> <span class='ocrx_word' id='word_1_158' title='bbox 2418 2375 2580 2456; x_wconf 62' lang='lat'>170.</span> 
     </span>
     <span class='ocr_line' id='line_1_18' title="bbox 784 2491 2713 2576; baseline -0.001 -20"><span class='ocrx_word' id='word_1_159' title='bbox 784 2492 986 2557; x_wconf 86' lang='lat' dir='ltr'><strong>Etiam</strong></span> <span class='ocrx_word' id='word_1_160' title='bbox 1069 2493 1134 2556; x_wconf 88' lang='lat' dir='ltr'><strong>in</strong></span> <span class='ocrx_word' id='word_1_161' title='bbox 1209 2493 1283 2556; x_wconf 90' lang='lat' dir='ltr'><strong>iis</strong></span> <span class='ocrx_word' id='word_1_162' title='bbox 1351 2514 1507 2576; x_wconf 87' lang='lat' dir='ltr'><strong>quae</strong></span> <span class='ocrx_word' id='word_1_163' title='bbox 1569 2491 1830 2556; x_wconf 87' lang='lat' dir='ltr'><strong>Dionem</strong></span> <span class='ocrx_word' id='word_1_164' title='bbox 1890 2491 2190 2556; x_wconf 82' lang='lat' dir='ltr'><strong>dicentem</strong></span> <span class='ocrx_word' id='word_1_165' title='bbox 2250 2491 2396 2555; x_wconf 83' lang='lat' dir='ltr'><strong>facit</strong></span> <span class='ocrx_word' id='word_1_166' title='bbox 2450 2491 2525 2555; x_wconf 91' lang='lat' dir='ltr'><strong>de</strong></span> <span class='ocrx_word' id='word_1_167' title='bbox 2584 2513 2713 2554; x_wconf 86' lang='lat' dir='ltr'><strong>ma-</strong></span> 
     </span>
     <span class='ocr_line' id='line_1_19' title="bbox 695 2608 2713 2696; baseline -0.001 -21"><span class='ocrx_word' id='word_1_168' title='bbox 695 2611 1050 2696; x_wconf 85' lang='lat' dir='ltr'><strong>gistratibus</strong></span> <span class='ocrx_word' id='word_1_169' title='bbox 1119 2633 1309 2674; x_wconf 87' lang='lat' dir='ltr'><strong>novae</strong></span> <span class='ocrx_word' id='word_1_170' title='bbox 1376 2609 1604 2674; x_wconf 84' lang='lat' dir='ltr'><strong>civitati</strong></span> <span class='ocrx_word' id='word_1_171' title='bbox 1674 2609 2089 2695; x_wconf 84' lang='lat' dir='ltr'><strong>praeficiendis</strong></span> <span class='ocrx_word' id='word_1_172' title='bbox 2141 2610 2459 2675; x_wconf 82' lang='lat' dir='ltr'><strong>manifeste</strong></span> <span class='ocrx_word' id='word_1_173' title='bbox 2503 2608 2713 2674; x_wconf 84' lang='lat' dir='ltr'><strong>Plato-</strong></span> 
     </span>
     <span class='ocr_line' id='line_1_20' title="bbox 695 2713 2709 2814; baseline -0.002 -18"><span class='ocrx_word' id='word_1_174' title='bbox 695 2754 831 2796; x_wconf 86' lang='lat' dir='ltr'><strong>nem</strong></span> <span class='ocrx_word' id='word_1_175' title='bbox 895 2713 1138 2795; x_wconf 84' lang='lat' dir='ltr'><strong>secutus</strong></span> <span class='ocrx_word' id='word_1_176' title='bbox 1201 2737 1293 2792; x_wconf 89' lang='lat' dir='ltr'><strong>est</strong></span> <span class='ocrx_word' id='word_1_177' title='bbox 1308 2779 1327 2808; x_wconf 90' lang='lat'><em>,</em></span> <span class='ocrx_word' id='word_1_178' title='bbox 1401 2751 1806 2814; x_wconf 89' lang='lat' dir='ltr'><strong>quamquam,</strong></span> <span class='ocrx_word' id='word_1_179' title='bbox 1871 2728 2174 2793; x_wconf 88' lang='lat' dir='ltr'><strong>oblivione</strong></span> <span class='ocrx_word' id='word_1_180' title='bbox 2246 2751 2323 2792; x_wconf 84' lang='lat' dir='ltr'><strong>an</strong></span> <span class='ocrx_word' id='word_1_181' title='bbox 2385 2729 2671 2792; x_wconf 87' lang='lat' dir='ltr'><strong>consulto</strong></span> <span class='ocrx_word' id='word_1_182' title='bbox 2690 2779 2709 2807; x_wconf 91' lang='lat'>‚</span> 
     </span>
     <span class='ocr_line' id='line_1_21' title="bbox 694 2847 2709 2934; baseline -0.001 -22"><span class='ocrx_word' id='word_1_183' title='bbox 694 2849 878 2913; x_wconf 88' lang='lat' dir='ltr'><strong>huius</strong></span> <span class='ocrx_word' id='word_1_184' title='bbox 939 2857 1259 2934; x_wconf 85' lang='lat' dir='ltr'><strong>praecepta</strong></span> <span class='ocrx_word' id='word_1_185' title='bbox 1312 2848 1565 2934; x_wconf 89' lang='lat' dir='ltr'><strong>paulum</strong></span> <span class='ocrx_word' id='word_1_186' title='bbox 1610 2847 1974 2913; x_wconf 80' lang='lat' dir='ltr'><strong>immutavit.</strong></span> <span class='ocrx_word' id='word_1_187' title='bbox 2068 2847 2343 2913; x_wconf 87' lang='lat' dir='ltr'><strong>Primum</strong></span> <span class='ocrx_word' id='word_1_188' title='bbox 2383 2847 2593 2933; x_wconf 86' lang='lat' dir='ltr'><strong>jubet,</strong></span> <span class='ocrx_word' id='word_1_189' title='bbox 2644 2870 2709 2932; x_wconf 89' lang='lat' dir='ltr'><strong>p.</strong></span> 
     </span>
     <span class='ocr_line' id='line_1_22' title="bbox 695 2967 2708 3048; baseline -0 -18"><span class='ocrx_word' id='word_1_190' title='bbox 695 2970 822 3031; x_wconf 83' lang='lat'><strong>356</strong></span> <span class='ocrx_word' id='word_1_191' title='bbox 870 2968 958 3031; x_wconf 87' lang='lat' dir='ltr'><strong>D:</strong></span> <span class='ocrx_word' id='word_1_192' title='bbox 1030 2967 1282 3046; x_wconf 75' lang='grc' dir='ltr'><strong><em>πολέμου</em></strong></span> <span class='ocrx_word' id='word_1_193' title='bbox 1329 2992 1396 3032; x_wconf 86' lang='grc' dir='ltr'><strong>τε</strong></span> <span class='ocrx_word' id='word_1_194' title='bbox 1438 2969 1537 3032; x_wconf 77' lang='grc' dir='ltr'><strong>καὶ</strong></span> <span class='ocrx_word' id='word_1_195' title='bbox 1592 2968 1804 3048; x_wconf 74' lang='grc' dir='ltr'><strong>εἰρήνης</strong></span> <span class='ocrx_word' id='word_1_196' title='bbox 1848 2967 2142 3048; x_wconf 73' lang='grc' dir='ltr'><strong>ἄρχοντας</strong></span> <span class='ocrx_word' id='word_1_197' title='bbox 2190 2967 2708 3048; x_wconf 73' lang='grc' dir='ltr'><strong>νομοφύλακας</strong></span> 
     </span>
     <span class='ocr_line' id='line_1_23' title="bbox 693 3083 2709 3166; baseline -0 -16"><span class='ocrx_word' id='word_1_198' title='bbox 693 3087 1070 3164; x_wconf 76' lang='grc' dir='ltr'><strong><em>ποιήσασθαι,</em></strong></span> <span class='ocrx_word' id='word_1_199' title='bbox 1133 3084 1364 3166; x_wconf 70' lang='grc' dir='ltr'><strong>αριθμὸν</strong></span> <span class='ocrx_word' id='word_1_200' title='bbox 1423 3083 1811 3166; x_wconf 70' lang='grc' dir='ltr'><strong><em>τριάκοντα</em></strong></span> <span class='ocrx_word' id='word_1_201' title='bbox 1856 3083 1977 3148; x_wconf 76' lang='grc' dir='ltr'><strong>καὶ</strong></span> <span class='ocrx_word' id='word_1_202' title='bbox 2025 3084 2267 3162; x_wconf 80' lang='grc' dir='ltr'><strong><em>πέντε,</em></strong></span> <span class='ocrx_word' id='word_1_203' title='bbox 2315 3085 2481 3162; x_wconf 74' lang='grc' dir='ltr'><strong><em>μετα</em></strong></span> <span class='ocrx_word' id='word_1_204' title='bbox 2524 3083 2709 3160; x_wconf 74' lang='grc' dir='ltr'><em>δήμου</em></span> 
     </span>
     <span class='ocr_line' id='line_1_24' title="bbox 691 3199 2707 3283; baseline -0.001 -15"><span class='ocrx_word' id='word_1_205' title='bbox 691 3204 788 3268; x_wconf 76' lang='grc' dir='ltr'><strong>καὶ</strong></span> <span class='ocrx_word' id='word_1_206' title='bbox 835 3203 1054 3281; x_wconf 76' lang='grc' dir='ltr'><em>βουλῆς</em></span> <span class='ocrx_word' id='word_1_207' title='bbox 1082 3224 1096 3238; x_wconf 90' lang='grc'><em>·</em></span> <span class='ocrx_word' id='word_1_208' title='bbox 1146 3204 1483 3283; x_wconf 72' lang='grc' dir='ltr'><strong>δικαστήρια</strong></span> <span class='ocrx_word' id='word_1_209' title='bbox 1529 3203 1578 3267; x_wconf 70' lang='grc' dir='ltr'><strong>δ’</strong></span> <span class='ocrx_word' id='word_1_210' title='bbox 1602 3202 1769 3267; x_wconf 72' lang='grc' dir='ltr'><strong>ἄλλα</strong></span> <span class='ocrx_word' id='word_1_211' title='bbox 1813 3203 1919 3278; x_wconf 77' lang='grc' dir='ltr'><strong>μὲν</strong></span> <span class='ocrx_word' id='word_1_212' title='bbox 1963 3199 2191 3283; x_wconf 74' lang='grc' dir='ltr'><strong><em>ἄλλων,</em></strong></span> <span class='ocrx_word' id='word_1_213' title='bbox 2238 3200 2483 3268; x_wconf 67' lang='grc' dir='ltr'><strong><em>θανάτου</em></strong></span> <span class='ocrx_word' id='word_1_214' title='bbox 2515 3203 2707 3267; x_wconf 76' lang='grc' dir='ltr'><strong><em>δὲκαὶ</em></strong></span> 
     </span>
     <span class='ocr_line' id='line_1_25' title="bbox 690 3319 2707 3403; baseline -0.001 -17"><span class='ocrx_word' id='word_1_215' title='bbox 690 3331 892 3403; x_wconf 61' lang='grc' dir='ltr'><em>φυγῆς</em></span> <span class='ocrx_word' id='word_1_216' title='bbox 967 3321 1096 3394; x_wconf 83' lang='grc' dir='ltr'><strong><em>τούς</em></strong></span> <span class='ocrx_word' id='word_1_217' title='bbox 1168 3346 1236 3385; x_wconf 84' lang='grc' dir='ltr'><strong>τε</strong></span> <span class='ocrx_word' id='word_1_218' title='bbox 1306 3321 1478 3386; x_wconf 82' lang='grc' dir='ltr'><strong><em>πέντε</em></strong></span> <span class='ocrx_word' id='word_1_219' title='bbox 1547 3319 1645 3384; x_wconf 74' lang='grc' dir='ltr'><strong>καὶ</strong></span> <span class='ocrx_word' id='word_1_220' title='bbox 1719 3321 2025 3400; x_wconf 65' lang='grc' dir='ltr'><strong><em>τριάκοντα</em></strong></span> <span class='ocrx_word' id='word_1_221' title='bbox 2093 3321 2397 3401; x_wconf 69' lang='grc' dir='ltr'><strong><em>ὑπάρχειν.</em></strong></span> <span class='ocrx_word' id='word_1_222' title='bbox 2501 3319 2707 3383; x_wconf 83' lang='lat' dir='ltr'><strong>Etiam</strong></span> 
     </span>
     <span class='ocr_line' id='line_1_26' title="bbox 693 3437 2709 3524; baseline 0 -22"><span class='ocrx_word' id='word_1_223' title='bbox 693 3439 854 3524; x_wconf 85' lang='lat' dir='ltr'><strong>apud</strong></span> <span class='ocrx_word' id='word_1_224' title='bbox 924 3438 1239 3506; x_wconf 78' lang='lat' dir='ltr'><strong>Platonem</strong></span> <span class='ocrx_word' id='word_1_225' title='bbox 1289 3437 1363 3502; x_wconf 93' lang='lat' dir='ltr'><strong>de</strong></span> <span class='ocrx_word' id='word_1_226' title='bbox 1431 3437 1622 3523; x_wconf 85' lang='lat' dir='ltr'><strong>Legg.</strong></span> <span class='ocrx_word' id='word_1_227' title='bbox 1687 3437 1798 3516; x_wconf 83' lang='lat' dir='ltr'><strong>VI,</strong></span> <span class='ocrx_word' id='word_1_228' title='bbox 1863 3463 1922 3524; x_wconf 89' lang='lat' dir='ltr'><strong>p.</strong></span> <span class='ocrx_word' id='word_1_229' title='bbox 1976 3440 2098 3503; x_wconf 79' lang='lat'><strong>752</strong></span> <span class='ocrx_word' id='word_1_230' title='bbox 2148 3438 2205 3501; x_wconf 91' lang='lat' dir='ltr'>D</span> <span class='ocrx_word' id='word_1_231' title='bbox 2223 3488 2242 3516; x_wconf 91' lang='lat'>‚</span> <span class='ocrx_word' id='word_1_232' title='bbox 2288 3446 2709 3502; x_wconf 83' lang='lat' dir='ltr'><strong>memorantur</strong></span> 
     </span>
     <span class='ocr_line' id='line_1_27' title="bbox 680 3530 2707 3640; baseline -0.001 -19"><span class='ocrx_word' id='word_1_233' title='bbox 680 3530 1093 3640; x_wconf 52' lang='grc' dir='ltr'><strong>ἱνομοίβύλακεπς</strong></span> <span class='ocrx_word' id='word_1_234' title='bbox 1113 3607 1130 3635; x_wconf 82' lang='grc'>,</span> <span class='ocrx_word' id='word_1_235' title='bbox 1193 3556 1299 3620; x_wconf 87' lang='lat' dir='ltr'><strong>sed</strong></span> <span class='ocrx_word' id='word_1_236' title='bbox 1362 3577 1617 3621; x_wconf 89' lang='lat' dir='ltr'><strong>numero</strong></span> <span class='ocrx_word' id='word_1_237' title='bbox 1677 3554 1983 3637; x_wconf 69' lang='grc' dir='ltr'><strong><em>τριάκοντα</em></strong></span> <span class='ocrx_word' id='word_1_238' title='bbox 2037 3557 2135 3621; x_wconf 81' lang='grc' dir='ltr'><strong>καὶ</strong></span> <span class='ocrx_word' id='word_1_239' title='bbox 2182 3555 2212 3620; x_wconf 78' lang='grc' dir='ltr'>ἕ</span> <span class='ocrx_word' id='word_1_240' title='bbox 2226 3579 2385 3621; x_wconf 86' lang='grc' dir='ltr'><strong>πτα</strong></span> <span class='ocrx_word' id='word_1_241' title='bbox 2402 3605 2421 3633; x_wconf 89' lang='lat'><em>,</em></span> <span class='ocrx_word' id='word_1_242' title='bbox 2472 3577 2707 3619; x_wconf 88' lang='lat' dir='ltr'><strong>eorum-</strong></span> 
     </span>
     <span class='ocr_line' id='line_1_28' title="bbox 692 3675 2703 3762; baseline -0 -23"><span class='ocrx_word' id='word_1_243' title='bbox 692 3698 811 3760; x_wconf 86' lang='lat' dir='ltr'><strong>que</strong></span> <span class='ocrx_word' id='word_1_244' title='bbox 870 3675 1262 3762; x_wconf 83' lang='lat' dir='ltr'><strong>praecipuum</strong></span> <span class='ocrx_word' id='word_1_245' title='bbox 1323 3697 1550 3739; x_wconf 91' lang='lat' dir='ltr'><strong>munus</strong></span> <span class='ocrx_word' id='word_1_246' title='bbox 1612 3683 1703 3738; x_wconf 87' lang='lat' dir='ltr'><strong>est</strong></span> <span class='ocrx_word' id='word_1_247' title='bbox 1762 3682 1833 3738; x_wconf 90' lang='lat' dir='ltr'><strong>ut</strong></span> <span class='ocrx_word' id='word_1_248' title='bbox 1892 3675 2016 3738; x_wconf 89' lang='lat' dir='ltr'><strong>sint</strong></span> <span class='ocrx_word' id='word_1_249' title='bbox 2073 3683 2319 3756; x_wconf 74' lang='grc' dir='ltr'><strong>σωτῆρες</strong></span> <span class='ocrx_word' id='word_1_250' title='bbox 2377 3675 2593 3753; x_wconf 78' lang='grc' dir='ltr'><strong><em>νόμων,</em></strong></span> <span class='ocrx_word' id='word_1_251' title='bbox 2641 3698 2703 3760; x_wconf 93' lang='lat' dir='ltr'><strong>p.</strong></span> 
     </span>
     <span class='ocr_line' id='line_1_29' title="bbox 696 3793 2706 3880; baseline -0.001 -20"><span class='ocrx_word' id='word_1_252' title='bbox 696 3796 818 3860; x_wconf 82' lang='lat'><strong>770</strong></span> <span class='ocrx_word' id='word_1_253' title='bbox 868 3793 955 3857; x_wconf 89' lang='lat' dir='ltr'><strong>B:</strong></span> <span class='ocrx_word' id='word_1_254' title='bbox 1004 3793 1358 3879; x_wconf 83' lang='lat' dir='ltr'><strong>capitalium</strong></span> <span class='ocrx_word' id='word_1_255' title='bbox 1403 3816 1726 3857; x_wconf 86' lang='lat' dir='ltr'><strong>causarum</strong></span> <span class='ocrx_word' id='word_1_256' title='bbox 1772 3800 2231 3876; x_wconf 83' lang='lat' dir='ltr'><strong>ceterarumque</strong></span> <span class='ocrx_word' id='word_1_257' title='bbox 2248 3793 2554 3880; x_wconf 84' lang='lat' dir='ltr'><strong>judicium</strong></span> <span class='ocrx_word' id='word_1_258' title='bbox 2577 3817 2706 3858; x_wconf 91' lang='lat' dir='ltr'><strong>non</strong></span> 
     </span>
     <span class='ocr_line' id='line_1_30' title="bbox 692 3910 2708 3998; baseline 0 -22"><span class='ocrx_word' id='word_1_259' title='bbox 692 3913 786 3976; x_wconf 88' lang='lat' dir='ltr'><strong>his</strong></span> <span class='ocrx_word' id='word_1_260' title='bbox 847 3913 1126 3992; x_wconf 81' lang='lat' dir='ltr'><strong>mandat,</strong></span> <span class='ocrx_word' id='word_1_261' title='bbox 1189 3911 1294 3976; x_wconf 90' lang='lat' dir='ltr'><strong>sed</strong></span> <span class='ocrx_word' id='word_1_262' title='bbox 1347 3910 1639 3978; x_wconf 86' lang='lat' dir='ltr'><strong>tribunali</strong></span> <span class='ocrx_word' id='word_1_263' title='bbox 1694 3910 1771 3974; x_wconf 88' lang='lat' dir='ltr'><strong>ad</strong></span> <span class='ocrx_word' id='word_1_264' title='bbox 1824 3911 1889 3974; x_wconf 89' lang='lat' dir='ltr'><strong>id</strong></span> <span class='ocrx_word' id='word_1_265' title='bbox 1942 3912 2243 3976; x_wconf 79' lang='lat' dir='ltr'><strong>instituto,</strong></span> <span class='ocrx_word' id='word_1_266' title='bbox 2339 3911 2514 3993; x_wconf 79' lang='lat' dir='ltr'><strong>Quae</strong></span> <span class='ocrx_word' id='word_1_267' title='bbox 2568 3921 2708 3998; x_wconf 88' lang='lat' dir='ltr'><strong>post</strong></span> 
     </span>
     <span class='ocr_line' id='line_1_31' title="bbox 691 4029 2709 4115; baseline 0.001 -21"><span class='ocrx_word' id='word_1_268' title='bbox 691 4030 838 4094; x_wconf 87' lang='lat' dir='ltr'><strong>haec</strong></span> <span class='ocrx_word' id='word_1_269' title='bbox 869 4030 1152 4115; x_wconf 84' lang='lat' dir='ltr'><strong>deinceps</strong></span> <span class='ocrx_word' id='word_1_270' title='bbox 1199 4037 1573 4114; x_wconf 88' lang='lat' dir='ltr'><strong>sequuntur:</strong></span> <span class='ocrx_word' id='word_1_271' title='bbox 1622 4029 1756 4110; x_wconf 83' lang='grc' dir='ltr'><strong>πρὸς</strong></span> <span class='ocrx_word' id='word_1_272' title='bbox 1801 4034 2017 4102; x_wconf 82' lang='grc' dir='ltr'><strong><em>τούτοις</em></strong></span> <span class='ocrx_word' id='word_1_273' title='bbox 2061 4033 2117 4094; x_wconf 77' lang='grc' dir='ltr'><strong>τ’</strong></span> <span class='ocrx_word' id='word_1_274' title='bbox 2140 4031 2441 4102; x_wconf 72' lang='grc' dir='ltr'><strong><em>ἐκλεκτοὺς</em></strong></span> <span class='ocrx_word' id='word_1_275' title='bbox 2465 4031 2709 4108; x_wconf 75' lang='grc' dir='ltr'><strong><em>γίγνεσ-</em></strong></span> 
     </span>
    </p>
   </div>
   <div class='ocr_carea' id='block_1_3' title="bbox 691 4148 2707 4232">
    <p class='ocr_par' dir='ltr' id='par_1_3' title="bbox 691 4148 2707 4232">
     <span class='ocr_line' id='line_1_32' title="bbox 691 4148 2707 4232; baseline -0.001 -18"><span class='ocrx_word' id='word_1_276' title='bbox 691 4152 780 4214; x_wconf 80' lang='grc' dir='ltr'><strong>θαι</strong></span> <span class='ocrx_word' id='word_1_277' title='bbox 827 4151 1110 4222; x_wconf 64' lang='grc' dir='ltr'><strong>δικαστὰς</strong></span> <span class='ocrx_word' id='word_1_278' title='bbox 1157 4152 1220 4215; x_wconf 79' lang='grc' dir='ltr'><strong>ἐκ</strong></span> <span class='ocrx_word' id='word_1_279' title='bbox 1266 4155 1374 4214; x_wconf 79' lang='grc' dir='ltr'><strong>τῶν</strong></span> <span class='ocrx_word' id='word_1_280' title='bbox 1421 4156 1517 4214; x_wconf 78' lang='grc' dir='ltr'><strong>νῦν</strong></span> <span class='ocrx_word' id='word_1_281' title='bbox 1560 4148 1650 4214; x_wconf 71' lang='grc' dir='ltr'><strong>ἀεὶ</strong></span> <span class='ocrx_word' id='word_1_282' title='bbox 1700 4156 2003 4232; x_wconf 77' lang='grc' dir='ltr'><strong><em>περυσινῶν</em></strong></span> <span class='ocrx_word' id='word_1_283' title='bbox 2048 4149 2377 4231; x_wconf 70' lang='grc' dir='ltr'><strong><em>ἀρχόντων,</em></strong></span> <span class='ocrx_word' id='word_1_284' title='bbox 2441 4149 2531 4213; x_wconf 76' lang='grc' dir='ltr'><strong>ἕν’</strong></span> <span class='ocrx_word' id='word_1_285' title='bbox 2579 4149 2707 4228; x_wconf 69' lang='grc' dir='ltr'><strong>ἀφ’</strong></span> 
     </span>
    </p>
   </div>
  </div>
 </body>
</html>
