3025 5067
1299 420 1380 481 33

343 623 452 687 illa
495 646 680 707 quam
724 622 799 687 de
845 622 1273 708 Syracusarum
1318 624 1563 689 civitate
1617 624 1929 689 liberanda
1973 628 2351 713 concepisset

345 742 683 805 sententia:
746 742 835 815 τίς
881 742 931 805 δ’
951 737 1016 817 ἦν
1060 744 1088 807 ὅ
1131 742 1332 823 τρόπος
1379 751 1484 817 τῆς
1530 742 1804 819 γενέσεως
1852 747 2033 819 αὐτῆς
2093 747 2196 828 (sc.
2246 755 2351 821 τῆς

347 859 558 933 Δίωνος
620 862 889 947 διανοίας)
949 864 1050 927 οὐκ
1093 861 1344 939 ἀπάξιον
1387 864 1651 928 ἀκοῦσαι.
1701 886 1759 948 p.
1810 865 1939 926 324
1984 862 2057 927 Β.
2106 863 2353 949 Repetit

345 979 409 1042 id
471 1002 508 1043 a
566 980 762 1065 primo
821 1003 932 1044 suo
995 980 1262 1045 adventu
1311 981 1376 1045 in
1432 980 1699 1044 Siciliam
1715 1030 1734 1058 ,
1790 1003 1912 1065 quo
1963 989 2232 1067 tempore
2286 983 2351 1047 in

347 1098 564 1162 Dionis
619 1107 864 1164 venerat
922 1099 1429 1177 familiaritatem3
1492 1098 1715 1163 deinde
1757 1122 1912 1184 quae
1957 1101 2101 1165 huic
2145 1101 2353 1165 itineri

347 1217 724 1281 occasionem
779 1216 1090 1296 dederint,
1139 1240 1292 1301 quae
1338 1225 1684 1303 antegressa
1698 1267 1717 1295 ‚
1766 1240 1923 1302 quae
1976 1228 2185 1283 secuta
2232 1220 2355 1283 sint

347 1342 475 1399 tam
533 1334 764 1421 prolixe
809 1344 1078 1429 enarrat,
1131 1345 1204 1400 ut
1247 1338 1452 1422 potius
1498 1338 1771 1402 Platonis
1818 1339 1977 1403 vitae
2025 1338 2353 1403 consilium

347 1463 410 1519 et
470 1456 822 1520 institutum
885 1455 1026 1520 inde
1073 1457 1147 1521 ab
1195 1456 1603 1522 adolescentia
1649 1479 1831 1541 quam
1877 1458 2093 1521 Dionis
2140 1459 2353 1523 volun-

343 1582 534 1639 tatem
581 1584 642 1639 et
685 1581 949 1640 mentem
1009 1575 1312 1641 declarare
1366 1578 1432 1641 in
1478 1578 1679 1642 animo
1726 1578 2009 1642 habuisse
2057 1577 2349 1642 videatur.

436 1812 522 1876 ΙΙ.
569 1812 608 1875 J
612 1836 707 1877 am
755 1812 830 1876 ad
871 1812 1207 1891 ξυμβουλὴν
1238 1814 1653 1900 progreditur:
1702 1813 2013 1882 videamus
2049 1814 2353 1898 quomodo

341 1931 412 1994 id
459 1931 622 2015 quod
667 1930 990 2015 pollicetur
1031 1931 1268 1995 efficiat.
1318 1931 1432 1995 Est
1462 1933 1611 1996 haec
1643 1931 1833 1995 altera
1865 1932 2154 2017 epistolae
2184 1954 2353 2017 parS,

343 2051 413 2114 in
459 2073 580 2135 qua
626 2050 844 2113 Dionis
881 2050 1200 2115 familiares
1247 2051 1488 2115 docebit
1539 2049 1580 2116 ἃ
1618 2053 1733 2133 χρὴ
1772 2058 1947 2117 ποιεῖν
1992 2052 2057 2117 ἐκ
2104 2058 2214 2117 τῶν
2259 2057 2355 2117 νῦν

344 2171 684 2247 γεγονότων.
1513 2245 1516 2246 ⁷
2130 2250 2133 2257 Ι

429 2288 669 2375 Incipit
725 2312 761 2353 a
817 2289 1082 2373 generali
1143 2288 1498 2373 quaestione
1517 2336 1537 2365 ,
1600 2286 1873 2351 docendo
1888 2336 1907 2365 ,
1967 2309 2149 2371 quam
2194 2287 2351 2350 viam

346 2416 414 2473 et
469 2410 766 2473 rationem
823 2409 889 2472 in
935 2408 1201 2473 consiliis
1247 2407 1464 2471 dandis
1513 2407 1637 2473 sive
1694 2407 1951 2491 singulis
1997 2406 2345 2471 hominibus

345 2550 458 2591 seu
514 2528 859 2593 civitatibus
919 2527 1291 2612 sequendam
1337 2534 1595 2591 censeat.
1666 2525 1936 2591 Consilia
1978 2550 2104 2591 non
2148 2526 2345 2591 danda

344 2668 478 2709 esse
537 2646 657 2710 nisi
714 2648 947 2732 petenti
1001 2654 1063 2711 et
1108 2646 1360 2730 obsequi
1405 2645 1705 2731 cupienti,
1752 2646 1981 2710 nemini
2025 2668 2165 2710 vero
2211 2668 2348 2710 con-

345 2764 558 2828 silium
615 2765 1085 2830 obtrudendum.
1178 2763 1356 2828 Hanc
1414 2765 1575 2828 viam
1632 2786 1695 2828 se
1742 2771 1803 2828 et
1848 2772 2025 2828 antea
2069 2770 2348 2829 secutum

345 2891 413 2947 et
478 2906 644 2948 nunc
710 2892 1065 2949 secuturum
1133 2884 1416 2949 declarat.
1510 2882 1587 2947 I=d
1655 2883 1959 2968 praefatus
2020 2884 2351 2949 revolvitur

345 3002 430 3067 ad
499 3004 771 3087 querelas
839 3003 914 3067 de
981 3002 1289 3089 Dionysiis
1352 3011 1523 3089 patre
1585 3010 1647 3067 et
1705 3002 1860 3081 filio,
1917 3025 2179 3087 quorum
2244 3002 2349 3065 ille

345 3120 678 3187 infidorum
735 3122 1066 3203 amicorum
1125 3121 1392 3186 consiliis
1454 3121 1777 3185 obsecutus
1838 3120 2119 3207 septuplo
2192 3121 2351 3205 peio-

346 3263 478 3304 rem
539 3262 604 3303 se
662 3239 932 3303 ostendit
990 3240 1178 3303 Dario
1239 3239 1583 3324 (Hystaspis
1644 3238 1822 3324 filio),
1881 3239 2121 3319 Δαρείου
2166 3240 2346 3303 ἐπτοι-

349 3357 616 3430 πλοισίως
668 3357 1024 3439 φαυλότερον
1061 3359 1143 3443 1),
1193 3362 1254 3421 et
1305 3379 1498 3441 quum
1554 3355 1822 3420 Siciliam
1867 3355 2349 3421 florentissimam

346 3477 601 3541 reddere
660 3478 959 3563 potuisset
974 3526 992 3555 ,
1055 3477 1378 3561 imperium
1439 3498 1629 3561 paene
1691 3475 1925 3553 amisit3
1976 3475 2139 3571 alter*
2171 3497 2311 3539 vero
2326 3525 2345 3553 ‚

347 3597 568 3683 spretis
612 3597 1005 3683 honestorum
1051 3596 1383 3660 amicorum
1428 3587 1695 3659 consiliis
1711 3644 1729 3673 ,
1778 3594 2002 3678 quibus
2056 3600 2351 3657 vastatam

347 3716 619 3780 Siciliam
678 3736 943 3779 recreare
1005 3721 1066 3779 et
1129 3714 1467 3779 Poenorum
1530 3712 2003 3777 dominationem
2063 3712 2351 3797 repellere
2398 3751 2409 3763 ·

419 4018 472 4080 1)
507 4016 606 4065 cm·
648 3992 1004 4074 ἑπταᾷτλασὶωςΡ
1067 4014 1214 4063 Ludit
1248 4012 1474 4062 nimirum
1516 4012 1567 4062 in
1601 4028 1656 4061 eo
1691 4012 1818 4077 quod
1850 4011 2026 4061 Darius
2058 4025 2256 4075 regnum
2282 4009 2351 4057 di-

349 4112 468 4163 visit
508 4113 559 4161 in
608 4115 789 4176 septem
831 4114 1014 4176 partes,
1063 4126 1263 4175 quarum
1297 4125 1508 4173 quaeque
1543 4108 1696 4157 maior
1728 4124 1869 4173 quam
1904 4111 2006 4156 tota
2039 4105 2200 4155 Sicilia
2234 4104 2353 4163 fuit,

348 4212 407 4255 ut
445 4223 555 4256 mox
588 4206 730 4257 dicit:
780 4208 975 4272 διένειμέ
1015 4226 1070 4257 τι
1099 4214 1225 4275 μέρη
1255 4199 1405 4271 με’ἰςω
1436 4208 1609 4256 ἕκαστα
1641 4207 1837 4261 Σικελίας
1869 4209 2017 4262 πάσης
2050 4203 2185 4253 ἑπτά.

2079 4298 2118 4355 3
