3025 5067
1566 333 1603 391 8

579 545 650 601 ut
720 537 795 600 ad
875 538 1344 622 Morgensternii
1423 538 1785 602 sententiam
1856 538 2122 601 redirent
2200 546 2381 622 atque
2456 546 2586 602 tota

578 656 852 739 quaestio
915 656 980 719 in
1043 658 1302 735 eundem
1362 657 1484 721 fere
1547 657 1956 722 revolveretur
2002 665 2231 722 statum
2277 681 2399 742 quo
2446 665 2587 721 ante

575 775 972 839 Meinersium
1019 776 1156 840 fuit.
1197 778 1242 860 ¹)

665 893 822 957 Ecce
867 917 1008 957 vero
1055 918 1250 980 nuper
1297 902 1541 959 exortus
1588 902 1680 959 est
1724 860 1815 958 vir
1861 895 2119 959 illustris
2137 946 2155 972 ,
2198 896 2304 979 qui
2335 896 2589 961 labefac-

577 1018 765 1075 tatam
809 1012 1223 1097 Epistolarum
1269 1014 1451 1078 fidem
1497 1015 1817 1078 restituere
1863 1020 1955 1077 est
2000 1021 2273 1077 conatus,

649 1257 695 1317 1)
729 1256 886 1304 Lubet
931 1255 1008 1303 hic
1055 1270 1290 1319 apponere
1334 1253 1565 1303 nonnulla
1615 1255 1712 1303 VV.
1746 1255 1854 1305 DD.
1896 1254 2101 1318 judicia,
2154 1256 2233 1319 qui
2278 1256 2479 1304 strictim
2531 1256 2591 1303 dc

579 1352 796 1401 Platonis
829 1351 1058 1415 Epistolis
1091 1351 1374 1400 sententiam
1408 1350 1649 1399 dixerunt.
1992 1329 1995 1334 Ι
2251 1408 2253 1410 .

643 1446 877 1505 Niebuhr,
909 1448 1048 1495 Rem.
1081 1446 1251 1495 eesoh.
1287 1445 1456 1508 (1827)
1500 1448 1541 1495 1.
1578 1462 1623 1511 p.
1660 1448 1737 1496 18.
1788 1446 1847 1495 ob
1894 1447 2143 1496 historicas
2188 1446 2396 1497 rationes
2438 1436 2591 1511 Epist.

583 1544 674 1591 VII
717 1542 924 1605 spuriam
970 1541 1141 1600 habet3
1187 1557 1474 1605 quamquam
1519 1542 1645 1605 quod
1687 1542 1755 1592 ibi
1798 1544 1937 1592 affert
1968 1546 2326 1609 argumentum,
2364 1544 2421 1591 de
2456 1559 2592 1592 voca-

581 1638 694 1687 bulo
728 1636 898 1689 Ἰταλία
939 1632 1054 1701 'post
1099 1637 1422 1687 Alexandrum
1466 1638 1658 1687 demum
1702 1638 1793 1687 hoc
1828 1654 1969 1687 sensu
2002 1642 2252 1703 usurpato,
2293 1637 2464 1687 falsum
2492 1642 2598 1695 est,

586 1739 638 1781 ut
670 1733 834 1782 docuit
870 1734 1198 1791 Hermannus,
1235 1734 1422 1797 Sy’stem
1453 1734 1500 1782 d.
1533 1733 1657 1783 Plat.
1690 1734 1807 1798 phil.
1839 1750 1887 1797 p.
1926 1733 2035 1783 591.
2071 1738 2143 1783 n0.
2178 1734 2290 1782 213.
2365 1708 2370 1713 β

652 1830 878 1888 Brandis,
911 1829 1063 1878 Diatr.
1100 1830 1158 1878 de
1191 1830 1380 1894 deperd.
1415 1830 1563 1878 Arist.
1597 1830 1705 1879 libr.
1730 1830 1788 1879 de
1810 1830 1943 1879 ideis.
1968 1830 2123 1879 Bonn.
2149 1830 2293 1879 1823.
2314 1846 2361 1895 p.
2388 1829 2445 1877 2:
2484 1829 2595 1899 „qui

585 1925 642 1973 ad
695 1924 921 1988 mysteria
969 1924 1156 1974 scholae
1206 1924 1456 1987 (Platonis)
1503 1929 1795 1990 provocant,
1840 1925 2128 1975 testimoniis
2178 1924 2398 1973 nituntur
2446 1924 2597 1989 ipsius

540 2066 550 2075 ,
584 2020 799 2069 Platonis
831 2024 915 2069 aut
947 2021 1104 2070 minus
1136 2020 1393 2070 intellectis
1425 2025 1509 2069 aut
1544 2021 1806 2085 depromtis
1838 2037 1893 2070 ex
1916 2018 2145 2085 Epistolis
2166 2020 2358 2069 Platoni
2383 2020 2499 2069 falso
2516 2020 2596 2068 ad-

586 2116 822 2181 scriptis.'’
855 2116 986 2165 Idem
1011 2116 1271 2165 arbitratur
1293 2116 1709 2180 Trendeleuburg,
1735 2117 1857 2166 Plat.
1882 2117 1941 2166 de
1966 2116 2106 2165 Ideis.
2130 2116 2257 2181 Lips.
2285 2116 2427 2165 1826.
2445 2116 2597 2179 princ.

652 2211 940 2269 Stallbaum,
993 2213 1210 2262 Prooem.
1259 2213 1317 2261 ad
1367 2213 1493 2263 Plat.
1544 2212 1712 2278 Remp.
1765 2213 1934 2275 (1827)
1979 2230 2028 2277 p.
2060 2212 2242 2262 LXIV:
2294 2213 2481 2272 „Erunt
2514 2212 2597 2277 qui

588 2306 728 2369 hujus
779 2306 914 2369 (VII)
959 2306 1200 2371 Epistolae
1249 2307 1390 2357 fidem
1441 2296 1580 2357 malis
1628 2308 1976 2373 suspicionibus
2028 2308 2311 2357 labefactare
2360 2308 2597 2357 studeant.

587 2401 738 2460 Mihi,
789 2402 827 2450 si
882 2402 978 2450 ulla
1026 2418 1188 2452 earum
1232 2403 1557 2467 Epistolarum
1602 2420 1720 2469 quae
1766 2403 1911 2469 vulgo
1958 2404 2147 2453 Platoni
2180 2403 2459 2452 tribuuntur
2498 2418 2601 2467 ger-

590 2514 728 2547 mana
761 2502 855 2557 est,
891 2498 1006 2547 haec
1038 2503 1167 2549 certe
1200 2499 1482 2565 philosopho
1517 2518 1612 2549 non
1646 2501 1841 2565 indigna
1874 2500 2107 2550 videtur.”

657 2596 721 2644 H.
769 2595 943 2653 Rittcr‚
995 2596 1162 2645 Gesch.
1209 2597 1254 2645 d.
1299 2597 1422 2647 Phil.
1465 2598 1636 2659 (1830)
1681 2597 1747 2646 Π.
1794 2613 1842 2661 p.
1890 2598 2001 2647 156.
2065 2597 2137 2645 De
2172 2596 2383 2646 Platonis
2418 2595 2599 2644 itineri·

590 2692 678 2741 bus
711 2693 760 2741 in
796 2692 1003 2742 Siciliam
1037 2693 1236 2756 loquens
1269 2694 1418 2744 dicit:
1471 2695 1643 2754 „Diese
1677 2694 2005 2758 Erziihlungen
2044 2694 2194 2743 haben
2230 2694 2335 2742 eine
2368 2694 2479 2742 sehr
2514 2709 2599 2741 un·

591 2790 772 2838 sichere
806 2788 1164 2855 Beglaubigung
1209 2807 1268 2839 an
1313 2792 1418 2840 dem
1455 2792 1814 2850 Briefwechsel‚
1862 2791 2061 2840 welcher
2094 2790 2326 2839 zwischen
2358 2790 2467 2838 dem
2502 2787 2603 2837 Pla·

592 2889 708 2943 ton,
749 2885 857 2933 dem
885 2885 1092 2950 jiingern
1125 2886 1408 2951 Dionysios,
1444 2886 1551 2937 dem
1584 2888 1712 2937 Dion
1747 2886 1845 2936 und
1878 2888 2064 2951 einigen
2098 2886 2227 2935 ihrer
2260 2886 2477 2935 Freunde
2510 2884 2602 2933 soll

593 2982 948 3045 stattgefunden
980 2981 1162 3041 haben3
1196 2982 1320 3031 denn
1355 2999 1438 3031 aus
1471 2983 1625 3032 dieser
1655 2983 1828 3049 Quelle
1861 2982 2003 3033 allein
2039 2982 2141 3031 sind
2176 2982 2250 3031 die
2284 2981 2603 3032 Nachrichten

595 3079 678 3127 dcr
711 3078 940 3141 Spiiteren
987 3079 1214 3142 geflossen
1267 3078 1334 3140 (in
1387 3079 1476 3128 hoc
1525 3080 1680 3128 virum
1728 3080 1924 3129 doctum
1974 3094 2132 3128 errare
2164 3079 2290 3127 infra
2323 3078 2603 3138 ostendam).

595 3166 708 3223 Nun
742 3174 804 3223 ist
839 3190 888 3223 es
920 3174 1055 3223 nicht
1087 3190 1144 3222 zu
1177 3174 1476 3235 bezweifeln,
1524 3176 1629 3225 dass
1670 3175 1761 3225 alle
1808 3175 1885 3224 die
1919 3153 2041 3224 noch
2078 3174 2407 3223 vorhandenen
2445 3174 2603 3222 Briefe

597 3271 773 3320 unecht
818 3271 941 3320 sind.
1005 3271 1143 3321 Doch
1187 3271 1294 3321 sind
1341 3272 1408 3321 sie
1453 3288 1538 3321 zur
1573 3272 1947 3336 Vertheidigung
1981 3271 2062 3321 des
2094 3271 2265 3321 Platon
2300 3270 2603 3334 geschrieben

599 3366 696 3415 und
731 3383 900 3431 mogen
933 3367 1034 3415 sich
1068 3368 1213 3417 daher
1246 3368 1370 3416 wohl
1403 3384 1511 3417 zum
1546 3368 1685 3417 Theil
1718 3369 1805 3417 auf
1831 3367 2125 3417 Thatsachen
2161 3366 2395 3417 stiitzen.”

664 3462 815 3521 Hase,
849 3463 1048 3512 Journal
1083 3463 1164 3512 des
1198 3464 1423 3523 Savants,
1461 3464 1615 3522 1836,
1650 3463 1836 3529 p.478‚
1858 3464 1928 3512 ita
1955 3463 2159 3527 judicat:
2195 3462 2261 3521 „il
2294 3467 2366 3511 est
2398 3479 2607 3512 reconna

596 3556 880 3619 aujourdhui
915 3572 1005 3621 que
1039 3558 1107 3607 les
1140 3558 1306 3607 lettres
1349 3556 1590 3607 nommees
1624 3558 1949 3621 Socratiques,
1995 3558 2111 3607 celle
2144 3573 2235 3621 que
2267 3556 2364 3607 l'on
2400 3557 2607 3605 attribue

597 3652 626 3701 ὲ
663 3651 896 3710 Phalaris,
931 3651 960 3700 ὲ
992 3652 1204 3717 Diogene
1235 3654 1281 3702 le
1317 3654 1560 3719 Cynique,
1594 3654 1623 3703 a
1656 3655 1859 3713 Brutus,
1893 3652 1922 3702 ὲ
1954 3653 2189 3717 plusieurs
2211 3656 2370 3702 autres
2394 3651 2606 3701 hommes

599 3746 802 3796 celebres
851 3746 1088 3797 antericur
1130 3747 1160 3797 ὸ,
1207 3748 1320 3798 Ρὲῐε
1370 3750 1581 3813 vulgaire
1631 3755 1741 3799 sont
1790 3754 1952 3799 tontes
1984 3722 2253 3813 supposees.
2320 3750 2410 3799 Les
2443 3749 2606 3798 lettres

599 3844 678 3907 qui
713 3842 920 3892 existent
952 3859 1063 3892 sous
1107 3843 1152 3893 le
1198 3862 1309 3894 nom
1359 3846 1418 3894 de
1467 3846 1638 3895 Platon·
1679 3849 1765 3894 ont
1807 3844 1883 3895 ete
1934 3844 2292 3909 probablement
2336 3844 2608 3909 compesces

600 3954 692 4001 peu
743 3938 800 3986 de
851 3942 1004 4002 temps
1053 3937 1188 4002 apres
1235 3954 1286 3987 sa
1336 3943 1462 3987 mort
1511 3955 1596 4003 par
1644 3940 1845 4004 quelque
1894 3940 2175 4007 philosophe
2218 3940 2276 3989 de
2309 3956 2394 3988 son
2430 3938 2607 3989 ceole?

671 4032 710 4079 Ε
752 4031 1046 4081 nostratibus
1085 4032 1355 4081 nominandi
1401 4033 1793 4097 Wyttenbachius
1826 4033 1885 4083 ad
1918 4034 2159 4083 Phaedon.
2198 4050 2245 4098 p.
2283 4034 2378 4083 108
2424 4034 2605 4095 (1810).

601 4127 674 4182 Dc
709 4126 988 4189 Phaedone,
1023 4128 1164 4193 dicit,
1211 4129 1627 4197 „antiquissimum
1660 4132 1733 4182 est
1765 4128 2094 4181 testimonium
2128 4129 2276 4197 ipsius
2308 4130 2525 4182 Platonis
2556 4132 2606 4182 iu
