3025 5067
1272 418 1352 479 63

293 627 454 708 (331
514 627 627 709 A):
677 624 815 690 ὅταν
859 626 948 696 τίς
994 649 1088 701 μοι
1132 622 1605 702 ξυμβουλεύηται
1652 623 1780 704 περί
1823 646 1967 696 τινος
2010 629 2121 689 τῶν
2152 624 2324 700 μεγί-

294 767 490 821 στων,
519 792 534 806 .
564 792 578 805 .
608 791 624 807 .
670 740 778 808 οἷον
824 742 948 823 περὶ
994 741 1388 822 χρημάτων
1415 742 1667 816 κτήσεως
1702 741 1734 816 ἢ
1768 740 1891 821 περὶ
1936 742 2318 818 σώματοςῆ

295 869 559 942 ψυχῆς
612 862 968 938 ἐπιμελείας.
1018 860 1408 924 Hermannus
1447 860 1651 924 locum
1690 883 1899 923 sanare
1938 867 2192 924 conatus
2229 866 2322 922 cst

300 980 402 1043 sic
438 979 724 1064 legendo:
773 980 932 1057 λέγω
969 966 1201 1054 δῆτοίδ’
1231 980 1376 1056 ἐγὼ,
1410 980 1507 1043 τὸν
1536 978 2015 1056 ξυμβουλεύοντα
2042 1029 2055 1042 .
2084 1028 2099 1043 .
2128 1029 2143 1043 .
2184 978 2321 1056 πρὸς

301 1100 540 1177 ὑγιείαν
585 1096 668 1163 ὅτι
713 1101 829 1178 χρὴ
873 1100 994 1164 κτὲ.
1064 1098 1290 1162 Parum
1333 1104 1525 1175 recte,
1577 1097 1822 1181 opinor;
1870 1102 2030 1161 certe
2066 1097 2223 1173 λέγω
2256 1096 2321 1170 δὴ

301 1216 458 1283 τάδε
503 1224 648 1280 sunt
690 1215 874 1281 verba
913 1238 1068 1301 quae
1099 1209 1439 1301 praefatum
1487 1216 1847 1279 sententiam
1879 1214 2075 1278 dicere
2105 1214 2323 1299 incipit

305 1360 348 1400 a
415 1336 594 1400 verbo
656 1337 832 1413 Ἐγώ.
925 1334 1142 1399 Cetera
1201 1336 1350 1399 vitia
1395 1334 1520 1398 sive
1564 1334 1630 1397 in
1676 1334 1885 1397 ordine
1934 1340 1993 1397 et
2032 1335 2326 1418 junctura

305 1455 442 1518 sive
487 1455 551 1517 in
594 1454 792 1518 verbis
838 1454 1135 1518 eiusmodi
1180 1461 1326 1517 sunt
1341 1503 1360 1531 ‚
1407 1458 1480 1517 ut
1524 1453 1729 1537 potius
1762 1474 1979 1537 pravae
2010 1452 2323 1516 sedulitati

306 1596 502 1657 quam
522 1556 544 1581 ‘¹
571 1574 839 1637 incuriae
899 1571 1225 1636 tribuenda
1284 1572 1426 1635 sint.
1519 1577 1743 1652 Πρῶτον
1802 1572 1909 1645 μὲν
1960 1593 2085 1635 non
2143 1571 2328 1635 habet

306 1692 570 1771 δεύτερον
617 1690 782 1775 quod
829 1692 948 1777 ipsi
995 1690 1394 1776 respondeat;
1443 1691 1624 1755 scribi
1672 1692 1945 1775 oportuit
1976 1696 2190 1771 πρῶτον
2221 1692 2327 1767 μὲν

311 1812 494 1875 αὐτὸν
531 1810 941 1888 μεταβάλλειν
985 1810 1080 1875 τὸν
1123 1810 1250 1889 βίον
1291 1859 1306 1873 .
1442 1807 1576 1875 εἶτα
1606 1805 1813 1875 τᾶλλα
1858 1811 1958 1884 ἤδη
2006 1814 2321 1888 παραινεῖν.

313 1929 532 1993 Simile
602 1938 693 1993 est
741 1931 807 1995 τὸ
857 1936 1072 2009 πρῶτον
1121 1928 1292 2013 quod
1339 1952 1523 2015 supra
1568 1929 1794 2013 legitur
1840 1952 1899 2013 p.
1950 1930 2077 1992 328
2126 1926 2219 2003 D,
2268 1934 2328 1988 et

311 2049 480 2112 infra
539 2073 598 2135 p.
649 2052 775 2113 331
825 2049 903 2112 D.
990 2048 1147 2128 Quis
1195 2072 1373 2133 porro
1435 2071 1561 2112 non
1628 2047 2052 2111 animadvertit
2114 2066 2323 2108 anaco-

313 2166 542 2230 luthon
559 2170 658 2245 .μὺ
689 2158 930 2232 ἐθέλοντι
977 2168 1035 2231 δὲ
1051 2218 1070 2250 ,
1120 2166 1284 2250 quod
1332 2166 1557 2252 pendet
1602 2167 1676 2230 ab
1720 2165 2033 2229 intellecto
2080 2166 2142 2228 οὐ
2189 2170 2329 2243 χρῆ-

315 2310 414 2349 ναι
477 2294 770 2363 παραινεῖν
787 2312 804 2363 ;
877 2286 980 2349 scd
1034 2286 1292 2370 scriptor
1346 2307 1537 2369 quum
1602 2284 1920 2370 subjungit
1982 2281 2162 2346 verba
2228 2282 2327 2346 καὶ

317 2408 418 2469 τὸν
465 2406 768 2486 φεύγοντα
819 2405 937 2468 οέπὸ
989 2406 1109 2469 κτὲ.
1164 2405 1426 2468 mutavit
1482 2404 1773 2468 orationis
1820 2402 2111 2466 ordinem.
2178 2400 2330 2463 Rur-

319 2546 428 2588 sus
487 2524 551 2586 in
611 2528 900 2606 sequente
961 2522 1308 2586 enuntiato:
1371 2523 1583 2587 ταύτὸν
1630 2523 1695 2596 δὴ
1748 2523 1846 2586 καὶ
1888 2520 2050 2585 πόλει
2099 2568 2113 2583 .
2157 2568 2171 2583 .
2218 2568 2231 2582 .
2282 2520 2329 2583 εἰ

320 2643 433 2719 μὲν
484 2640 934 2718 ξυμβουλεύοιτο
976 2690 989 2703 .
1019 2689 1033 2704 .
1065 2689 1078 2703 .
1127 2648 1244 2712 τοῖς
1292 2642 1557 2711 τοιούτοις
1602 2639 2055 2718 ξυμβουλεύειν,
2117 2638 2335 2722 incipit

323 2782 360 2822 a
419 2782 564 2823 voce
626 2760 826 2837 πόλει,
888 2758 988 2821 cui
1034 2757 1255 2822 deinde
1300 2757 1622 2822 substituit
1666 2766 1783 2829 τοῖς
1829 2758 2113 2829 τοιούτοις.
2184 2755 2333 2819 Pro-

323 2877 502 2940 ximis
552 2877 746 2941 verbis
790 2885 907 2948 τοῖς
953 2876 1122 2953 δ”ἔξω
1169 2879 1233 2941 τὸ
1281 2876 1567 2955 παράπαν
1612 2877 1873 2954 βαίνουσι
1904 2883 2009 2948 τῆς
2047 2876 2200 2955 ὀρθῆς
2234 2900 2331 2939 πο-

321 2997 547 3067 λιτείας
609 3020 801 3081 quum
847 2996 1239 3081 subjungitur
1292 2997 1388 3060 τὸν
1435 3001 1541 3071 μὲν
1588 2994 1943 3072 ὑπομένοντα
1987 2993 2332 3072 ξυμβουλάς

323 3115 600 3187 τοιαύτας
662 3117 908 3192 ἡγοίμην
964 3112 1036 3178 ἄν
1080 3113 1377 3192 ἄνανδρον,
1427 3134 1497 3177 eo
1544 3114 1614 3180 fit
1657 3120 1729 3177 ut
1776 3112 2018 3176 dativus
2063 3119 2181 3183 τοῖς
2226 3111 2331 3186 ἔξω

325 3236 588 3312 βαίνουσι
611 3256 736 3297 non
759 3234 981 3299 habeat
1013 3255 1135 3318 quo
1166 3234 1460 3297 referatur
1475 3258 1494 3310 ;
1527 3240 1765 3295 mutata
1788 3238 1879 3295 est
1902 3253 2113 3294 rursus
2139 3229 2333 3292 oratio

325 3377 465 3441 pro:
507 3362 624 3425 τοῖς
663 3352 708 3417 δ’
729 3353 834 3429 ἔξω
879 3354 1139 3430 βαίνουσι
1169 3390 1260 3403 -
1301 3352 1398 3416 τὸν
1436 3352 1543 3430 μὲν
1574 3351 2049 3429 ξυμβουλεύοντα
2083 3348 2328 3426 ἡγοίμην
2366 3408 2370 3412 ,

324 3474 398 3548 ἂν
439 3442 729 3554 ἄνανδρον.
792 3471 1166 3537 Huiusmodi
1205 3470 1573 3535 anacolutha
1602 3478 1674 3533 ut
1720 3469 1963 3553 singula
2013 3468 2154 3531 ferri
2200 3490 2335 3551 pos-

327 3601 500 3670 sunt,
548 3593 636 3655 ita
681 3592 992 3656 cumulata
1034 3592 1293 3655 molesta
1331 3600 1475 3655 sunt
1525 3599 1586 3654 ct
1629 3590 1910 3653 mutilam
1952 3595 2134 3671 atque
2165 3586 2336 3649 hian-

325 3721 452 3775 tem
505 3710 772 3775 reddunt
840 3711 1190 3774 orationem.
1285 3710 1404 3773 Sed
1452 3710 1689 3773 omissis
1752 3708 1887 3771 aliis
1937 3729 2091 3791 quae
2138 3712 2333 3769 atten-

323 3840 461 3894 tum
503 3831 791 3893 lectorem
837 3852 958 3893 non
1003 3830 1244 3913 fugient
1258 3879 1276 3906 ,
1325 3827 1639 3892 ostendam
1688 3849 1809 3910 qua
1853 3826 2087 3889 ratione
2152 3831 2213 3919 et
2270 3825 2333 3887 in

327 3949 554 4032 quibus
599 3947 916 4012 Platonem
962 3948 1236 4011 imitatus
1284 3948 1382 4010 sit.

361 4052 367 4058 ⁶
418 4066 744 4151 Comparat
789 4068 1044 4151 scriptor
1090 4067 1497 4130 consultorem
1543 4087 1681 4127 cum
1714 4062 1945 4127 medico
1962 4113 1979 4140 ,
2029 4061 2333 4125 civitatem

326 4187 484 4249 male
514 4193 807 4249 moratam
840 4208 978 4249 cum
1011 4194 1272 4270 aegroto,
1319 4184 1705 4270 Comparatio
1736 4183 2017 4266 frequens
2050 4187 2140 4243 est
2172 4179 2332 4265 apud
