<?xml version="1.0" encoding="UTF-8"?>
<!DOCTYPE html PUBLIC "-//W3C//DTD XHTML 1.0 Transitional//EN"
    "http://www.w3.org/TR/xhtml1/DTD/xhtml1-transitional.dtd">
<html xmlns="http://www.w3.org/1999/xhtml" xml:lang="en" lang="en">
 <head>
  <title>
</title>
<meta http-equiv="Content-Type" content="text/html;charset=utf-8" />
  <meta name='ocr-system' content='tesseract 3.04.00' />
  <meta name='ocr-capabilities' content='ocr_page ocr_carea ocr_par ocr_line ocrx_word'/>
</head>
<body>
  <div class='ocr_page' id='page_1' title='image "./commentatiocrit02karsgoog_0192.png"; bbox 0 0 3025 5067; ppageno 0'>
   <div class='ocr_carea' id='block_1_1' title="bbox 1620 369 1773 469">
    <p class='ocr_par' dir='ltr' id='par_1_1' title="bbox 1620 369 1773 469">
     <span class='ocr_line' id='line_1_1' title="bbox 1620 369 1773 469; baseline -0.026 1"><span class='ocrx_word' id='word_1_1' title='bbox 1620 369 1773 469; x_wconf 61' lang='lat'><strong>⁴1⁷2</strong></span> 
     </span>
    </p>
   </div>
   <div class='ocr_carea' id='block_1_2' title="bbox 697 609 2724 3670">
    <p class='ocr_par' dir='ltr' id='par_1_2' title="bbox 699 609 2705 795">
     <span class='ocr_line' id='line_1_2' title="bbox 699 609 2705 698; baseline 0 -26"><span class='ocrx_word' id='word_1_2' title='bbox 699 616 910 674; x_wconf 88' lang='lat' dir='ltr'><strong>utrum</strong></span> <span class='ocrx_word' id='word_1_3' title='bbox 956 609 1174 676; x_wconf 82' lang='lat' dir='ltr'><strong>Oriens</strong></span> <span class='ocrx_word' id='word_1_4' title='bbox 1221 612 1520 676; x_wconf 82' lang='lat' dir='ltr'><strong>Graecum</strong></span> <span class='ocrx_word' id='word_1_5' title='bbox 1560 612 1991 698; x_wconf 89' lang='lat' dir='ltr'><strong>philosophum</strong></span> <span class='ocrx_word' id='word_1_6' title='bbox 2009 661 2027 690; x_wconf 92' lang='lat'><strong>,</strong></span> <span class='ocrx_word' id='word_1_7' title='bbox 2062 635 2138 675; x_wconf 89' lang='lat' dir='ltr'><strong>an</strong></span> <span class='ocrx_word' id='word_1_8' title='bbox 2171 611 2269 675; x_wconf 90' lang='lat' dir='ltr'><strong>hic</strong></span> <span class='ocrx_word' id='word_1_9' title='bbox 2307 611 2446 674; x_wconf 91' lang='lat' dir='ltr'><strong>illos</strong></span> <span class='ocrx_word' id='word_1_10' title='bbox 2476 611 2705 674; x_wconf 88' lang='lat' dir='ltr'><strong>maiore</strong></span> 
     </span>
     <span class='ocr_line' id='line_1_3' title="bbox 699 729 1736 795; baseline 0.002 -3"><span class='ocrx_word' id='word_1_11' title='bbox 699 729 903 793; x_wconf 90' lang='lat' dir='ltr'><strong>studio</strong></span> <span class='ocrx_word' id='word_1_12' title='bbox 951 730 1175 794; x_wconf 88' lang='lat' dir='ltr'><strong>coleret</strong></span> <span class='ocrx_word' id='word_1_13' title='bbox 1220 753 1288 795; x_wconf 89' lang='lat' dir='ltr'><strong>ac</strong></span> <span class='ocrx_word' id='word_1_14' title='bbox 1333 739 1736 795; x_wconf 87' lang='lat' dir='ltr'><strong>veneraretur.</strong></span> 
     </span>
    </p>

    <p class='ocr_par' dir='ltr' id='par_1_3' title="bbox 697 847 2724 3670">
     <span class='ocr_line' id='line_1_4' title="bbox 786 847 2703 933; baseline -0.002 -20"><span class='ocrx_word' id='word_1_15' title='bbox 786 847 865 913; x_wconf 91' lang='lat' dir='ltr'><strong>In</strong></span> <span class='ocrx_word' id='word_1_16' title='bbox 909 849 1274 933; x_wconf 88' lang='lat' dir='ltr'><strong>scriptorum</strong></span> <span class='ocrx_word' id='word_1_17' title='bbox 1320 855 1525 913; x_wconf 88' lang='lat' dir='ltr'><strong>autem</strong></span> <span class='ocrx_word' id='word_1_18' title='bbox 1570 848 1965 913; x_wconf 80' lang='lat' dir='ltr'><strong>relationibus</strong></span> <span class='ocrx_word' id='word_1_19' title='bbox 2012 848 2087 912; x_wconf 93' lang='lat' dir='ltr'><strong>de</strong></span> <span class='ocrx_word' id='word_1_20' title='bbox 2132 848 2435 932; x_wconf 82' lang='lat' dir='ltr'><strong>Aegyptio</strong></span> <span class='ocrx_word' id='word_1_21' title='bbox 2482 847 2703 911; x_wconf 91' lang='lat' dir='ltr'><strong>itinere</strong></span> 
     </span>
     <span class='ocr_line' id='line_1_5' title="bbox 698 966 2702 1053; baseline -0 -22"><span class='ocrx_word' id='word_1_22' title='bbox 698 967 988 1053; x_wconf 87' lang='lat' dir='ltr'><strong>leguntur</strong></span> <span class='ocrx_word' id='word_1_23' title='bbox 1048 989 1202 1052; x_wconf 89' lang='lat' dir='ltr'><strong>quae</strong></span> <span class='ocrx_word' id='word_1_24' title='bbox 1254 989 1378 1036; x_wconf 90' lang='lat' dir='ltr'><strong>non</strong></span> <span class='ocrx_word' id='word_1_25' title='bbox 1438 968 1644 1032; x_wconf 88' lang='lat' dir='ltr'><strong>valent</strong></span> <span class='ocrx_word' id='word_1_26' title='bbox 1704 967 1782 1031; x_wconf 90' lang='lat' dir='ltr'><strong>ad</strong></span> <span class='ocrx_word' id='word_1_27' title='bbox 1839 989 2050 1032; x_wconf 87' lang='lat' dir='ltr'><strong>eorum</strong></span> <span class='ocrx_word' id='word_1_28' title='bbox 2096 967 2277 1032; x_wconf 90' lang='lat' dir='ltr'><strong>fidem</strong></span> <span class='ocrx_word' id='word_1_29' title='bbox 2322 966 2702 1031; x_wconf 84' lang='lat' dir='ltr'><strong>firmandam.</strong></span> 
     </span>
     <span class='ocr_line' id='line_1_6' title="bbox 697 1085 2709 1172; baseline -0 -24"><span class='ocrx_word' id='word_1_30' title='bbox 697 1085 978 1150; x_wconf 65' lang='lat' dir='ltr'><strong>Laertius</strong></span> <span class='ocrx_word' id='word_1_31' title='bbox 1038 1086 1320 1151; x_wconf 89' lang='lat' dir='ltr'><strong>comitem</strong></span> <span class='ocrx_word' id='word_1_32' title='bbox 1367 1085 1613 1150; x_wconf 91' lang='lat' dir='ltr'><strong>Platoni</strong></span> <span class='ocrx_word' id='word_1_33' title='bbox 1658 1085 1941 1172; x_wconf 87' lang='lat' dir='ltr'><strong>adjungit</strong></span> <span class='ocrx_word' id='word_1_34' title='bbox 1984 1085 2341 1172; x_wconf 83' lang='lat' dir='ltr'><strong>Euripidem</strong></span> <span class='ocrx_word' id='word_1_35' title='bbox 2356 1135 2376 1164; x_wconf 98' lang='lat'><strong>,</strong></span> <span class='ocrx_word' id='word_1_36' title='bbox 2426 1085 2536 1169; x_wconf 90' lang='lat' dir='ltr'><strong>qui</strong></span> <span class='ocrx_word' id='word_1_37' title='bbox 2576 1087 2709 1171; x_wconf 87' lang='lat' dir='ltr'><strong>jam</strong></span> 
     </span>
     <span class='ocr_line' id='line_1_7' title="bbox 699 1204 2704 1290; baseline -0.002 -20"><span class='ocrx_word' id='word_1_38' title='bbox 699 1212 929 1290; x_wconf 80' lang='lat' dir='ltr'><strong>septem</strong></span> <span class='ocrx_word' id='word_1_39' title='bbox 983 1207 1157 1270; x_wconf 90' lang='lat' dir='ltr'><strong>annis</strong></span> <span class='ocrx_word' id='word_1_40' title='bbox 1219 1214 1358 1270; x_wconf 85' lang='lat' dir='ltr'><strong>ante</strong></span> <span class='ocrx_word' id='word_1_41' title='bbox 1417 1205 1680 1271; x_wconf 86' lang='lat' dir='ltr'><strong>Socratis</strong></span> <span class='ocrx_word' id='word_1_42' title='bbox 1741 1214 1998 1270; x_wconf 90' lang='lat' dir='ltr'><strong>mortem</strong></span> <span class='ocrx_word' id='word_1_43' title='bbox 2060 1228 2092 1270; x_wconf 93' lang='lat' dir='ltr'><strong>e</strong></span> <span class='ocrx_word' id='word_1_44' title='bbox 2153 1206 2278 1268; x_wconf 88' lang='lat' dir='ltr'><strong>vita</strong></span> <span class='ocrx_word' id='word_1_45' title='bbox 2330 1204 2704 1282; x_wconf 88' lang='lat' dir='ltr'><strong>decesserat;</strong></span> 
     </span>
     <span class='ocr_line' id='line_1_8' title="bbox 697 1324 2706 1408; baseline -0.001 -19"><span class='ocrx_word' id='word_1_46' title='bbox 697 1324 1064 1391; x_wconf 79' lang='lat' dir='ltr'>Plutarchus</span> <span class='ocrx_word' id='word_1_47' title='bbox 1104 1331 1311 1390; x_wconf 88' lang='lat' dir='ltr'><strong>narrat</strong></span> <span class='ocrx_word' id='word_1_48' title='bbox 1339 1325 1574 1390; x_wconf 87' lang='lat' dir='ltr'><strong>itineris</strong></span> <span class='ocrx_word' id='word_1_49' title='bbox 1608 1348 1747 1390; x_wconf 89' lang='lat' dir='ltr'><strong>eum</strong></span> <span class='ocrx_word' id='word_1_50' title='bbox 1778 1326 1971 1390; x_wconf 89' lang='lat' dir='ltr'><strong>socios</strong></span> <span class='ocrx_word' id='word_1_51' title='bbox 2003 1324 2285 1390; x_wconf 84' lang='lat' dir='ltr'><strong>habuisse</strong></span> <span class='ocrx_word' id='word_1_52' title='bbox 2314 1324 2706 1408; x_wconf 85' lang='lat' dir='ltr'><strong>Ellopionem</strong></span> 
     </span>
     <span class='ocr_line' id='line_1_9' title="bbox 701 1443 2715 1530; baseline -0.001 -22"><span class='ocrx_word' id='word_1_53' title='bbox 701 1443 1132 1530; x_wconf 84' lang='lat' dir='ltr'><strong>Peparethium</strong></span> <span class='ocrx_word' id='word_1_54' title='bbox 1146 1493 1166 1523; x_wconf 95' lang='lat'><strong>,</strong></span> <span class='ocrx_word' id='word_1_55' title='bbox 1232 1444 1542 1510; x_wconf 85' lang='lat' dir='ltr'><strong>hominem</strong></span> <span class='ocrx_word' id='word_1_56' title='bbox 1595 1446 1874 1530; x_wconf 88' lang='lat' dir='ltr'><strong>ignotum</strong></span> <span class='ocrx_word' id='word_1_57' title='bbox 1890 1494 1909 1523; x_wconf 91' lang='lat'><strong>,</strong></span> <span class='ocrx_word' id='word_1_58' title='bbox 1984 1451 2045 1509; x_wconf 92' lang='lat' dir='ltr'><strong>et</strong></span> <span class='ocrx_word' id='word_1_59' title='bbox 2114 1443 2426 1508; x_wconf 85' lang='lat' dir='ltr'><strong>Simmiam</strong></span> <span class='ocrx_word' id='word_1_60' title='bbox 2479 1443 2715 1507; x_wconf 84' lang='lat' dir='ltr'><strong>Theba—</strong></span> 
     </span>
     <span class='ocr_line' id='line_1_10' title="bbox 703 1562 2716 1648; baseline -0 -21"><span class='ocrx_word' id='word_1_61' title='bbox 703 1586 870 1627; x_wconf 90' lang='lat' dir='ltr'><strong>num.</strong></span> <span class='ocrx_word' id='word_1_62' title='bbox 904 1565 948 1648; x_wconf 88' lang='lat'><strong>¹)</strong></span> <span class='ocrx_word' id='word_1_63' title='bbox 994 1562 1275 1647; x_wconf 90' lang='lat' dir='ltr'><strong>Denique</strong></span> <span class='ocrx_word' id='word_1_64' title='bbox 1321 1563 1539 1628; x_wconf 87' lang='lat' dir='ltr'><strong>Strabo</strong></span> <span class='ocrx_word' id='word_1_65' title='bbox 1569 1562 1845 1628; x_wconf 77' lang='lat' dir='ltr'><strong>Platonis</strong></span> <span class='ocrx_word' id='word_1_66' title='bbox 1877 1562 2366 1648; x_wconf 88' lang='lat' dir='ltr'><strong>condiscipulum</strong></span> <span class='ocrx_word' id='word_1_67' title='bbox 2396 1562 2564 1647; x_wconf 89' lang='lat' dir='ltr'><strong>apud</strong></span> <span class='ocrx_word' id='word_1_68' title='bbox 2596 1563 2716 1626; x_wconf 86' lang='lat' dir='ltr'><strong>Ae-</strong></span> 
     </span>
     <span class='ocr_line' id='line_1_11' title="bbox 702 1680 2717 1767; baseline -0 -22"><span class='ocrx_word' id='word_1_69' title='bbox 702 1683 942 1767; x_wconf 83' lang='lat' dir='ltr'><strong>gyptios</strong></span> <span class='ocrx_word' id='word_1_70' title='bbox 988 1682 1325 1747; x_wconf 81' lang='lat' dir='ltr'><strong>sacerdotes</strong></span> <span class='ocrx_word' id='word_1_71' title='bbox 1380 1681 1707 1746; x_wconf 79' lang='lat' dir='ltr'><strong>Eudoxum</strong></span> <span class='ocrx_word' id='word_1_72' title='bbox 1752 1681 1940 1746; x_wconf 77' lang='lat' dir='ltr'><strong>fuisse</strong></span> <span class='ocrx_word' id='word_1_73' title='bbox 1986 1681 2231 1760; x_wconf 89' lang='lat' dir='ltr'><strong>scribit,</strong></span> <span class='ocrx_word' id='word_1_74' title='bbox 2278 1681 2563 1765; x_wconf 89' lang='lat' dir='ltr'><strong>idemque</strong></span> <span class='ocrx_word' id='word_1_75' title='bbox 2609 1680 2717 1744; x_wconf 92' lang='lat' dir='ltr'><strong>do-</strong></span> 
     </span>
     <span class='ocr_line' id='line_1_12' title="bbox 701 1799 2716 1887; baseline -0.001 -22"><span class='ocrx_word' id='word_1_76' title='bbox 701 1823 870 1865; x_wconf 92' lang='lat' dir='ltr'><strong>mum</strong></span> <span class='ocrx_word' id='word_1_77' title='bbox 916 1801 1162 1866; x_wconf 86' lang='lat' dir='ltr'><strong>illorum</strong></span> <span class='ocrx_word' id='word_1_78' title='bbox 1205 1801 1519 1887; x_wconf 91' lang='lat' dir='ltr'><strong>Heliopoli</strong></span> <span class='ocrx_word' id='word_1_79' title='bbox 1564 1802 1682 1866; x_wconf 85' lang='lat' dir='ltr'><strong>sibi</strong></span> <span class='ocrx_word' id='word_1_80' title='bbox 1726 1809 2123 1867; x_wconf 83' lang='lat' dir='ltr'><strong>monstratam</strong></span> <span class='ocrx_word' id='word_1_81' title='bbox 2171 1820 2299 1865; x_wconf 89' lang='lat' dir='ltr'><strong>esse</strong></span> <span class='ocrx_word' id='word_1_82' title='bbox 2352 1801 2555 1866; x_wconf 84' lang='lat' dir='ltr'><strong>refert.</strong></span> <span class='ocrx_word' id='word_1_83' title='bbox 2616 1799 2716 1863; x_wconf 93' lang='lat' dir='ltr'><strong>De</strong></span> 
     </span>
     <span class='ocr_line' id='line_1_13' title="bbox 701 1918 2715 1985; baseline -0.001 -1"><span class='ocrx_word' id='word_1_84' title='bbox 701 1919 960 1985; x_wconf 83' lang='lat' dir='ltr'><strong>Eudoxo</strong></span> <span class='ocrx_word' id='word_1_85' title='bbox 1019 1919 1293 1985; x_wconf 83' lang='lat' dir='ltr'><strong>Platonis</strong></span> <span class='ocrx_word' id='word_1_86' title='bbox 1354 1921 1577 1985; x_wconf 85' lang='lat' dir='ltr'><strong>comite</strong></span> <span class='ocrx_word' id='word_1_87' title='bbox 1621 1921 1767 1985; x_wconf 90' lang='lat' dir='ltr'><strong>item</strong></span> <span class='ocrx_word' id='word_1_88' title='bbox 1813 1921 1989 1985; x_wconf 89' lang='lat' dir='ltr'><strong>nobis</strong></span> <span class='ocrx_word' id='word_1_89' title='bbox 2035 1928 2249 1985; x_wconf 87' lang='lat' dir='ltr'><strong>auctor</strong></span> <span class='ocrx_word' id='word_1_90' title='bbox 2292 1927 2385 1984; x_wconf 91' lang='lat' dir='ltr'><strong>est</strong></span> <span class='ocrx_word' id='word_1_91' title='bbox 2430 1918 2715 1984; x_wconf 86' lang='lat' dir='ltr'><strong>Clemens</strong></span> 
     </span>
     <span class='ocr_line' id='line_1_14' title="bbox 702 2038 2715 2126; baseline 0 -25"><span class='ocrx_word' id='word_1_92' title='bbox 702 2038 945 2123; x_wconf 89' lang='lat' dir='ltr'><strong>(Strom.</strong></span> <span class='ocrx_word' id='word_1_93' title='bbox 1008 2038 1062 2104; x_wconf 92' lang='lat' dir='ltr'><strong>I.</strong></span> <span class='ocrx_word' id='word_1_94' title='bbox 1126 2063 1186 2126; x_wconf 90' lang='lat' dir='ltr'><strong>p.</strong></span> <span class='ocrx_word' id='word_1_95' title='bbox 1252 2042 1378 2104; x_wconf 89' lang='grc'><strong>303</strong></span> <span class='ocrx_word' id='word_1_96' title='bbox 1439 2038 1548 2126; x_wconf 85' lang='lat' dir='ltr'><strong>C),</strong></span> <span class='ocrx_word' id='word_1_97' title='bbox 1612 2039 1718 2124; x_wconf 90' lang='lat' dir='ltr'><strong>qui</strong></span> <span class='ocrx_word' id='word_1_98' title='bbox 1780 2040 1961 2104; x_wconf 89' lang='lat' dir='ltr'><strong>etiam</strong></span> <span class='ocrx_word' id='word_1_99' title='bbox 2023 2039 2439 2117; x_wconf 86' lang='lat' dir='ltr'><strong>sacerdotum,</strong></span> <span class='ocrx_word' id='word_1_100' title='bbox 2488 2039 2715 2123; x_wconf 87' lang='lat' dir='ltr'><strong>quibus</strong></span> 
     </span>
     <span class='ocr_line' id='line_1_15' title="bbox 705 2155 2713 2241; baseline 0 -21"><span class='ocrx_word' id='word_1_101' title='bbox 705 2157 882 2221; x_wconf 87' lang='lat' dir='ltr'><strong>ambo</strong></span> <span class='ocrx_word' id='word_1_102' title='bbox 937 2157 1244 2241; x_wconf 85' lang='lat' dir='ltr'><strong>magistris</strong></span> <span class='ocrx_word' id='word_1_103' title='bbox 1304 2158 1405 2223; x_wconf 90' lang='lat' dir='ltr'><strong>usi</strong></span> <span class='ocrx_word' id='word_1_104' title='bbox 1459 2165 1686 2237; x_wconf 89' lang='lat' dir='ltr'><strong>essent,</strong></span> <span class='ocrx_word' id='word_1_105' title='bbox 1747 2159 1997 2222; x_wconf 91' lang='lat' dir='ltr'><strong>nomina</strong></span> <span class='ocrx_word' id='word_1_106' title='bbox 2056 2158 2379 2222; x_wconf 88' lang='lat' dir='ltr'><strong>memoriae</strong></span> <span class='ocrx_word' id='word_1_107' title='bbox 2423 2155 2713 2241; x_wconf 87' lang='lat' dir='ltr'><strong>prodidit.</strong></span> 
     </span>
     <span class='ocr_line' id='line_1_16' title="bbox 702 2275 2714 2363; baseline 0 -24"><span class='ocrx_word' id='word_1_108' title='bbox 702 2275 1018 2340; x_wconf 88' lang='lat' dir='ltr'><strong>Praeterea</strong></span> <span class='ocrx_word' id='word_1_109' title='bbox 1063 2275 1140 2340; x_wconf 91' lang='lat' dir='ltr'><strong>de</strong></span> <span class='ocrx_word' id='word_1_110' title='bbox 1183 2287 1456 2362; x_wconf 88' lang='lat' dir='ltr'><strong>tempore</strong></span> <span class='ocrx_word' id='word_1_111' title='bbox 1498 2277 1891 2363; x_wconf 89' lang='lat' dir='ltr'><strong>profectionis</strong></span> <span class='ocrx_word' id='word_1_112' title='bbox 1934 2283 1997 2342; x_wconf 92' lang='lat' dir='ltr'><strong>et</strong></span> <span class='ocrx_word' id='word_1_113' title='bbox 2042 2278 2117 2341; x_wconf 94' lang='lat' dir='ltr'><strong>de</strong></span> <span class='ocrx_word' id='word_1_114' title='bbox 2148 2277 2555 2341; x_wconf 86' lang='lat' dir='ltr'><strong>diuturnitate</strong></span> <span class='ocrx_word' id='word_1_115' title='bbox 2585 2298 2714 2340; x_wconf 92' lang='grc'><strong>11011</strong></span> 
     </span>
     <span class='ocr_line' id='line_1_17' title="bbox 703 2395 2715 2481; baseline 0 -22"><span class='ocrx_word' id='word_1_116' title='bbox 703 2395 1004 2459; x_wconf 88' lang='lat' dir='ltr'><strong>convenit.</strong></span> <span class='ocrx_word' id='word_1_117' title='bbox 1097 2395 1312 2461; x_wconf 89' lang='lat' dir='ltr'><strong>Strabo</strong></span> <span class='ocrx_word' id='word_1_118' title='bbox 1357 2396 1549 2461; x_wconf 86' lang='lat' dir='ltr'><strong>tradit</strong></span> <span class='ocrx_word' id='word_1_119' title='bbox 1592 2397 2126 2461; x_wconf 89' lang='lat' dir='ltr'><strong>commorationem</strong></span> <span class='ocrx_word' id='word_1_120' title='bbox 2174 2397 2239 2460; x_wconf 90' lang='lat' dir='ltr'><strong>in</strong></span> <span class='ocrx_word' id='word_1_121' title='bbox 2280 2399 2558 2481; x_wconf 84' lang='lat' dir='ltr'><strong>Aegypto</strong></span> <span class='ocrx_word' id='word_1_122' title='bbox 2604 2417 2715 2480; x_wconf 89' lang='lat' dir='ltr'><strong>per</strong></span> 
     </span>
     <span class='ocr_line' id='line_1_18' title="bbox 703 2513 2719 2600; baseline -0 -22"><span class='ocrx_word' id='word_1_123' title='bbox 703 2513 994 2579; x_wconf 89' lang='lat' dir='ltr'><strong>tredecim</strong></span> <span class='ocrx_word' id='word_1_124' title='bbox 1064 2536 1252 2578; x_wconf 86' lang='lat' dir='ltr'><strong>annos</strong></span> <span class='ocrx_word' id='word_1_125' title='bbox 1309 2515 1560 2579; x_wconf 89' lang='lat' dir='ltr'><strong>durasse</strong></span> <span class='ocrx_word' id='word_1_126' title='bbox 1575 2542 1593 2594; x_wconf 84' lang='lat'><em>3</em></span> <span class='ocrx_word' id='word_1_127' title='bbox 1655 2515 1845 2600; x_wconf 87' lang='lat' dir='ltr'><strong>igitur</strong></span> <span class='ocrx_word' id='word_1_128' title='bbox 1898 2537 2075 2580; x_wconf 92' lang='lat' dir='ltr'><strong>omne</strong></span> <span class='ocrx_word' id='word_1_129' title='bbox 2118 2523 2359 2600; x_wconf 90' lang='lat' dir='ltr'><strong>tempus</strong></span> <span class='ocrx_word' id='word_1_130' title='bbox 2407 2515 2566 2579; x_wconf 88' lang='lat' dir='ltr'><strong>inter</strong></span> <span class='ocrx_word' id='word_1_131' title='bbox 2610 2513 2719 2577; x_wconf 88' lang='lat' dir='ltr'><strong>So-</strong></span> 
     </span>
     <span class='ocr_line' id='line_1_19' title="bbox 705 2632 2717 2718; baseline 0 -23"><span class='ocrx_word' id='word_1_132' title='bbox 705 2632 888 2696; x_wconf 88' lang='lat' dir='ltr'><strong>cratis</strong></span> <span class='ocrx_word' id='word_1_133' title='bbox 932 2639 1189 2698; x_wconf 89' lang='lat' dir='ltr'><strong>mortem</strong></span> <span class='ocrx_word' id='word_1_134' title='bbox 1227 2641 1288 2697; x_wconf 90' lang='lat' dir='ltr'><strong>et</strong></span> <span class='ocrx_word' id='word_1_135' title='bbox 1317 2632 1593 2698; x_wconf 90' lang='lat' dir='ltr'><strong>Platonis</strong></span> <span class='ocrx_word' id='word_1_136' title='bbox 1625 2633 2061 2718; x_wconf 87' lang='lat' dir='ltr'><strong>profectionem</strong></span> <span class='ocrx_word' id='word_1_137' title='bbox 2091 2634 2155 2697; x_wconf 92' lang='lat' dir='ltr'><strong>in</strong></span> <span class='ocrx_word' id='word_1_138' title='bbox 2192 2632 2437 2698; x_wconf 87' lang='lat' dir='ltr'><strong>Italiam</strong></span> <span class='ocrx_word' id='word_1_139' title='bbox 2469 2635 2717 2716; x_wconf 80' lang='lat'>(399—</span> 
     </span>
     <span class='ocr_line' id='line_1_20' title="bbox 708 2752 2721 2837; baseline 0 -23"><span class='ocrx_word' id='word_1_140' title='bbox 708 2753 861 2834; x_wconf 87' lang='grc'><strong>387)</strong></span> <span class='ocrx_word' id='word_1_141' title='bbox 907 2773 978 2814; x_wconf 90' lang='lat' dir='ltr'><strong>ea</strong></span> <span class='ocrx_word' id='word_1_142' title='bbox 1021 2752 1503 2836; x_wconf 88' lang='lat' dir='ltr'><strong>peregrinatione</strong></span> <span class='ocrx_word' id='word_1_143' title='bbox 1550 2753 1858 2837; x_wconf 86' lang='lat' dir='ltr'><strong>expletum</strong></span> <span class='ocrx_word' id='word_1_144' title='bbox 1898 2775 2026 2816; x_wconf 87' lang='lat' dir='ltr'><strong>esse</strong></span> <span class='ocrx_word' id='word_1_145' title='bbox 2058 2752 2275 2830; x_wconf 88' lang='lat' dir='ltr'><strong>sumit,</strong></span> <span class='ocrx_word' id='word_1_146' title='bbox 2308 2774 2503 2837; x_wconf 89' lang='lat' dir='ltr'><strong>quum</strong></span> <span class='ocrx_word' id='word_1_147' title='bbox 2533 2752 2721 2815; x_wconf 89' lang='lat' dir='ltr'><strong>ceteri</strong></span> 
     </span>
     <span class='ocr_line' id='line_1_21' title="bbox 707 2869 2715 2957; baseline 0 -23"><span class='ocrx_word' id='word_1_148' title='bbox 707 2869 1030 2954; x_wconf 86' lang='lat' dir='ltr'><strong>scriptores</strong></span> <span class='ocrx_word' id='word_1_149' title='bbox 1089 2871 1154 2934; x_wconf 90' lang='lat' dir='ltr'><strong>in</strong></span> <span class='ocrx_word' id='word_1_150' title='bbox 1207 2870 1368 2934; x_wconf 89' lang='lat' dir='ltr'><strong>idem</strong></span> <span class='ocrx_word' id='word_1_151' title='bbox 1415 2871 1682 2957; x_wconf 89' lang='lat' dir='ltr'><strong>spatium</strong></span> <span class='ocrx_word' id='word_1_152' title='bbox 1728 2870 1847 2934; x_wconf 89' lang='lat' dir='ltr'><strong>alia</strong></span> <span class='ocrx_word' id='word_1_153' title='bbox 1891 2871 2073 2936; x_wconf 89' lang='lat' dir='ltr'><strong>etiam</strong></span> <span class='ocrx_word' id='word_1_154' title='bbox 2118 2871 2337 2936; x_wconf 87' lang='lat' dir='ltr'><strong>itinera</strong></span> <span class='ocrx_word' id='word_1_155' title='bbox 2380 2871 2715 2935; x_wconf 88' lang='lat' dir='ltr'><strong>conferant.</strong></span> 
     </span>
     <span class='ocr_line' id='line_1_22' title="bbox 708 2986 2717 3054; baseline 0 -3"><span class='ocrx_word' id='word_1_156' title='bbox 708 2986 1026 3052; x_wconf 88' lang='lat' dir='ltr'><strong>Praeterea</strong></span> <span class='ocrx_word' id='word_1_157' title='bbox 1077 3011 1218 3052; x_wconf 82' lang='lat' dir='ltr'><strong>vero</strong></span> <span class='ocrx_word' id='word_1_158' title='bbox 1262 2989 1466 3053; x_wconf 85' lang='lat' dir='ltr'><strong>ferunt</strong></span> <span class='ocrx_word' id='word_1_159' title='bbox 1510 2989 1831 3054; x_wconf 90' lang='lat' dir='ltr'><strong>Platonem</strong></span> <span class='ocrx_word' id='word_1_160' title='bbox 1875 3012 1928 3053; x_wconf 87' lang='lat' dir='ltr'><strong>a.</strong></span> <span class='ocrx_word' id='word_1_161' title='bbox 1978 2991 2104 3053; x_wconf 85' lang='lat'><strong>395</strong></span> <span class='ocrx_word' id='word_1_162' title='bbox 2144 2990 2213 3052; x_wconf 88' lang='lat' dir='ltr'><strong>in</strong></span> <span class='ocrx_word' id='word_1_163' title='bbox 2246 2989 2717 3053; x_wconf 86' lang='lat' dir='ltr'><strong>Atheniensium</strong></span> 
     </span>
     <span class='ocr_line' id='line_1_23' title="bbox 708 3105 2715 3192; baseline 0 -22"><span class='ocrx_word' id='word_1_164' title='bbox 708 3107 975 3171; x_wconf 83' lang='lat' dir='ltr'><strong>exercitu</strong></span> <span class='ocrx_word' id='word_1_165' title='bbox 997 3107 1307 3172; x_wconf 87' lang='lat' dir='ltr'><strong>militasse.</strong></span> <span class='ocrx_word' id='word_1_166' title='bbox 1356 3107 1498 3172; x_wconf 85' lang='lat' dir='ltr'><strong>Vid.</strong></span> <span class='ocrx_word' id='word_1_167' title='bbox 1526 3107 1705 3192; x_wconf 89' lang='lat' dir='ltr'><strong>Diog.</strong></span> <span class='ocrx_word' id='word_1_168' title='bbox 1730 3106 1935 3172; x_wconf 64' lang='lat' dir='ltr'><strong>Laert.</strong></span> <span class='ocrx_word' id='word_1_169' title='bbox 1959 3107 2097 3187; x_wconf 89' lang='lat' dir='ltr'><strong>III,</strong></span> <span class='ocrx_word' id='word_1_170' title='bbox 2128 3110 2187 3172; x_wconf 93' lang='lat'><strong>8.</strong></span> <span class='ocrx_word' id='word_1_171' title='bbox 2212 3107 2505 3172; x_wconf 90' lang='lat' dir='ltr'><strong>Aelianus</strong></span> <span class='ocrx_word' id='word_1_172' title='bbox 2522 3157 2540 3183; x_wconf 94' lang='lat'><strong>,</strong></span> <span class='ocrx_word' id='word_1_173' title='bbox 2564 3105 2715 3170; x_wconf 88' lang='lat' dir='ltr'><strong>Var.</strong></span> 
     </span>
     <span class='ocr_line' id='line_1_24' title="bbox 709 3225 2713 3312; baseline -0 -22"><span class='ocrx_word' id='word_1_174' title='bbox 709 3226 873 3291; x_wconf 93' lang='lat' dir='ltr'><strong>Hist.</strong></span> <span class='ocrx_word' id='word_1_175' title='bbox 935 3225 1064 3290; x_wconf 78' lang='lat' dir='ltr'><strong>VII</strong></span> <span class='ocrx_word' id='word_1_176' title='bbox 1078 3277 1097 3307; x_wconf 93' lang='lat'><strong>,</strong></span> <span class='ocrx_word' id='word_1_177' title='bbox 1159 3230 1240 3290; x_wconf 76' lang='lat'><strong>14</strong></span> <span class='ocrx_word' id='word_1_178' title='bbox 1303 3227 1395 3291; x_wconf 85' lang='lat' dir='ltr'><strong>Cf.</strong></span> <span class='ocrx_word' id='word_1_179' title='bbox 1455 3225 1707 3292; x_wconf 88' lang='lat' dir='ltr'><strong>Clinton</strong></span> <span class='ocrx_word' id='word_1_180' title='bbox 1766 3227 1928 3292; x_wconf 82' lang='lat' dir='ltr'><strong>Fast.</strong></span> <span class='ocrx_word' id='word_1_181' title='bbox 1976 3226 2141 3291; x_wconf 91' lang='lat' dir='ltr'><strong>Hell.</strong></span> <span class='ocrx_word' id='word_1_182' title='bbox 2198 3227 2292 3290; x_wconf 90' lang='lat' dir='ltr'><strong>ed.</strong></span> <span class='ocrx_word' id='word_1_183' title='bbox 2340 3226 2601 3312; x_wconf 81' lang='lat' dir='ltr'><strong>Kriiger.</strong></span> <span class='ocrx_word' id='word_1_184' title='bbox 2648 3249 2713 3310; x_wconf 91' lang='lat' dir='ltr'><strong>p.</strong></span> 
     </span>
     <span class='ocr_line' id='line_1_25' title="bbox 716 3343 2719 3430; baseline -0.001 -21"><span class='ocrx_word' id='word_1_185' title='bbox 716 3348 838 3410; x_wconf 86' lang='lat'><strong>101</strong></span> <span class='ocrx_word' id='word_1_186' title='bbox 905 3352 967 3410; x_wconf 92' lang='lat' dir='ltr'><strong>et</strong></span> <span class='ocrx_word' id='word_1_187' title='bbox 1030 3369 1091 3430; x_wconf 93' lang='lat' dir='ltr'><strong>p.</strong></span> <span class='ocrx_word' id='word_1_188' title='bbox 1141 3349 1288 3411; x_wconf 78' lang='grc'><strong>377.</strong></span> <span class='ocrx_word' id='word_1_189' title='bbox 1383 3345 1670 3411; x_wconf 85' lang='lat' dir='ltr'><strong>Narratio</strong></span> <span class='ocrx_word' id='word_1_190' title='bbox 1741 3347 1816 3409; x_wconf 89' lang='lat' dir='ltr'><strong>de</strong></span> <span class='ocrx_word' id='word_1_191' title='bbox 1876 3347 2092 3410; x_wconf 88' lang='lat' dir='ltr'><strong>itinere</strong></span> <span class='ocrx_word' id='word_1_192' title='bbox 2148 3345 2225 3410; x_wconf 92' lang='lat' dir='ltr'><strong>ad</strong></span> <span class='ocrx_word' id='word_1_193' title='bbox 2284 3345 2500 3430; x_wconf 87' lang='lat' dir='ltr'><strong>Magos</strong></span> <span class='ocrx_word' id='word_1_194' title='bbox 2546 3343 2719 3408; x_wconf 88' lang='lat' dir='ltr'><strong>haud</strong></span> 
     </span>
     <span class='ocr_line' id='line_1_26' title="bbox 711 3461 2724 3550; baseline -0.002 -20"><span class='ocrx_word' id='word_1_195' title='bbox 711 3465 896 3530; x_wconf 91' lang='lat' dir='ltr'><strong>dubie</strong></span> <span class='ocrx_word' id='word_1_196' title='bbox 955 3465 1225 3530; x_wconf 83' lang='lat' dir='ltr'><strong>manavit</strong></span> <span class='ocrx_word' id='word_1_197' title='bbox 1268 3488 1301 3529; x_wconf 92' lang='lat' dir='ltr'><strong>e</strong></span> <span class='ocrx_word' id='word_1_198' title='bbox 1347 3465 1553 3528; x_wconf 88' lang='lat' dir='ltr'><strong>studio</strong></span> <span class='ocrx_word' id='word_1_199' title='bbox 1600 3464 2029 3530; x_wconf 84' lang='lat' dir='ltr'><strong>Graecanicam</strong></span> <span class='ocrx_word' id='word_1_200' title='bbox 2078 3465 2431 3550; x_wconf 86' lang='lat' dir='ltr'><strong>sapientiam</strong></span> <span class='ocrx_word' id='word_1_201' title='bbox 2473 3486 2547 3527; x_wconf 86' lang='lat' dir='ltr'><strong>ex</strong></span> <span class='ocrx_word' id='word_1_202' title='bbox 2584 3461 2724 3526; x_wconf 91' lang='lat' dir='ltr'><strong>Ori-</strong></span> 
     </span>
     <span class='ocr_line' id='line_1_27' title="bbox 714 3582 2723 3670; baseline -0.002 -21"><span class='ocrx_word' id='word_1_203' title='bbox 714 3593 852 3649; x_wconf 91' lang='lat' dir='ltr'><strong>ente</strong></span> <span class='ocrx_word' id='word_1_204' title='bbox 901 3584 1217 3670; x_wconf 91' lang='lat' dir='ltr'><strong>repetendi</strong></span> <span class='ocrx_word' id='word_1_205' title='bbox 1230 3611 1248 3662; x_wconf 84' lang='lat'>3</span> <span class='ocrx_word' id='word_1_206' title='bbox 1311 3607 1434 3649; x_wconf 89' lang='lat' dir='ltr'><strong>non</strong></span> <span class='ocrx_word' id='word_1_207' title='bbox 1479 3584 1775 3650; x_wconf 87' lang='lat' dir='ltr'><strong>absonum</strong></span> <span class='ocrx_word' id='word_1_208' title='bbox 1821 3585 2009 3670; x_wconf 86' lang='lat' dir='ltr'><strong>igitur</strong></span> <span class='ocrx_word' id='word_1_209' title='bbox 2063 3585 2215 3649; x_wconf 86' lang='lat' dir='ltr'><strong>foret</strong></span> <span class='ocrx_word' id='word_1_210' title='bbox 2262 3583 2557 3668; x_wconf 86' lang='lat' dir='ltr'><strong>suspicari</strong></span> <span class='ocrx_word' id='word_1_211' title='bbox 2600 3582 2723 3646; x_wconf 88' lang='lat' dir='ltr'><strong>iter</strong></span> 
     </span>
    </p>
   </div>
   <div class='ocr_carea' id='block_1_3' title="bbox 723 3739 1104 3748">
    <p class='ocr_par' dir='ltr' id='par_1_4' title="bbox 723 3739 1104 3748">
     <span class='ocr_line' id='line_1_28' title="bbox 723 3739 1104 3748; baseline 0 0"><span class='ocrx_word' id='word_1_212' title='bbox 723 3739 1104 3748; x_wconf 95' lang='lat' dir='ltr'><strong> </strong></span> 
     </span>
    </p>
   </div>
   <div class='ocr_carea' id='block_1_4' title="bbox 781 3812 2717 3879">
    <p class='ocr_par' dir='ltr' id='par_1_5' title="bbox 781 3812 2717 3879">
     <span class='ocr_line' id='line_1_29' title="bbox 781 3812 2717 3879; baseline 0 -17"><span class='ocrx_word' id='word_1_213' title='bbox 781 3813 829 3874; x_wconf 91' lang='grc'><strong>1)</strong></span> <span class='ocrx_word' id='word_1_214' title='bbox 863 3812 1080 3862; x_wconf 78' lang='lat' dir='ltr'><strong>Simmias</strong></span> <span class='ocrx_word' id='word_1_215' title='bbox 1112 3813 1238 3877; x_wconf 84' lang='lat' dir='ltr'><strong>apud</strong></span> <span class='ocrx_word' id='word_1_216' title='bbox 1270 3813 1398 3863; x_wconf 84' lang='lat' dir='ltr'><strong>Plut.</strong></span> <span class='ocrx_word' id='word_1_217' title='bbox 1433 3812 1491 3862; x_wconf 88' lang='lat' dir='ltr'><strong>de</strong></span> <span class='ocrx_word' id='word_1_218' title='bbox 1526 3814 1644 3862; x_wconf 86' lang='lat' dir='ltr'><strong>Gen.</strong></span> <span class='ocrx_word' id='word_1_219' title='bbox 1678 3814 1810 3862; x_wconf 89' lang='lat' dir='ltr'><strong>Socr.</strong></span> <span class='ocrx_word' id='word_1_220' title='bbox 1846 3829 1892 3877; x_wconf 88' lang='lat' dir='ltr'><strong>p.</strong></span> <span class='ocrx_word' id='word_1_221' title='bbox 1928 3812 2025 3865; x_wconf 89' lang='grc'><strong>576</strong></span> <span class='ocrx_word' id='word_1_222' title='bbox 2060 3828 2161 3875; x_wconf 89' lang='lat' dir='ltr'><strong>sqq.</strong></span> <span class='ocrx_word' id='word_1_223' title='bbox 2196 3812 2370 3860; x_wconf 81' lang='lat' dir='ltr'><strong>dicitur</strong></span> <span class='ocrx_word' id='word_1_224' title='bbox 2395 3813 2529 3862; x_wconf 76' lang='grc' dir='ltr'><strong><em>πολὺν</em></strong></span> <span class='ocrx_word' id='word_1_225' title='bbox 2554 3817 2717 3879; x_wconf 74' lang='grc' dir='ltr'><strong><em>χρόνον</em></strong></span> 
     </span>
    </p>
   </div>
   <div class='ocr_carea' id='block_1_5' title="bbox 711 3910 2727 4261">
    <p class='ocr_par' dir='ltr' id='par_1_6' title="bbox 711 3910 2727 4261">
     <span class='ocr_line' id='line_1_30' title="bbox 711 3910 2727 3976; baseline -0.002 -16"><span class='ocrx_word' id='word_1_226' title='bbox 711 3913 787 3960; x_wconf 77' lang='grc' dir='ltr'><strong>ἐπὶ</strong></span> <span class='ocrx_word' id='word_1_227' title='bbox 811 3918 895 3967; x_wconf 76' lang='grc' dir='ltr'><strong>τῆς</strong></span> <span class='ocrx_word' id='word_1_228' title='bbox 915 3913 1063 3968; x_wconf 71' lang='grc' dir='ltr'><strong><em>ξενίας</em></strong></span> <span class='ocrx_word' id='word_1_229' title='bbox 1091 3911 1284 3971; x_wconf 62' lang='grc' dir='ltr'>(ξένηςὲ)</span> <span class='ocrx_word' id='word_1_230' title='bbox 1319 3916 1502 3974; x_wconf 70' lang='grc' dir='ltr'><strong>γεγονὼς</strong></span> <span class='ocrx_word' id='word_1_231' title='bbox 1526 3916 1602 3961; x_wconf 76' lang='grc' dir='ltr'><strong>καὶ</strong></span> <span class='ocrx_word' id='word_1_232' title='bbox 1625 3912 1961 3970; x_wconf 72' lang='grc' dir='ltr'><strong>πεπλανημένος</strong></span> <span class='ocrx_word' id='word_1_233' title='bbox 1993 3913 2037 3958; x_wconf 76' lang='grc' dir='ltr'><strong>ἐν</strong></span> <span class='ocrx_word' id='word_1_234' title='bbox 2060 3910 2328 3965; x_wconf 76' lang='grc' dir='ltr'>ἀλλοδαποῖς</span> <span class='ocrx_word' id='word_1_235' title='bbox 2354 3912 2605 3976; x_wconf 71' lang='grc' dir='ltr'><strong><em>ἀνθρώποις</em></strong></span> <span class='ocrx_word' id='word_1_236' title='bbox 2650 3912 2727 3956; x_wconf 80' lang='lat' dir='ltr'><strong>at·</strong></span> 
     </span>
     <span class='ocr_line' id='line_1_31' title="bbox 714 4003 2717 4075; baseline -0.001 -21"><span class='ocrx_word' id='word_1_237' title='bbox 714 4021 807 4068; x_wconf 87' lang='lat' dir='ltr'><strong>que</strong></span> <span class='ocrx_word' id='word_1_238' title='bbox 838 4009 982 4056; x_wconf 80' lang='grc' dir='ltr'><strong><em>πολλὰ</em></strong></span> <span class='ocrx_word' id='word_1_239' title='bbox 1013 4014 1107 4063; x_wconf 82' lang='grc' dir='ltr'>τοῖς</span> <span class='ocrx_word' id='word_1_240' title='bbox 1127 4011 1294 4075; x_wconf 74' lang='grc' dir='ltr'><strong><em>ἱερεῦσι</em></strong></span> <span class='ocrx_word' id='word_1_241' title='bbox 1316 4007 1392 4057; x_wconf 80' lang='grc' dir='ltr'><strong>διὰ</strong></span> <span class='ocrx_word' id='word_1_242' title='bbox 1412 4009 1667 4073; x_wconf 73' lang='grc' dir='ltr'><strong><em>φιλοσοφίαν</em></strong></span> <span class='ocrx_word' id='word_1_243' title='bbox 1687 4011 2012 4069; x_wconf 71' lang='grc' dir='ltr'><strong>συγγενόμενος.</strong></span> <span class='ocrx_word' id='word_1_244' title='bbox 2048 4003 2223 4053; x_wconf 88' lang='lat' dir='ltr'><strong>Utrum</strong></span> <span class='ocrx_word' id='word_1_245' title='bbox 2244 4009 2403 4052; x_wconf 85' lang='lat' dir='ltr'><strong>autem</strong></span> <span class='ocrx_word' id='word_1_246' title='bbox 2426 4003 2717 4052; x_wconf 77' lang='lat' dir='ltr'><strong>Plutarchus</strong></span> 
     </span>
     <span class='ocr_line' id='line_1_32' title="bbox 713 4100 2727 4166; baseline -0.001 -15"><span class='ocrx_word' id='word_1_247' title='bbox 713 4105 992 4166; x_wconf 84' lang='lat' dir='ltr'><strong>argumento</strong></span> <span class='ocrx_word' id='word_1_248' title='bbox 1041 4102 1217 4166; x_wconf 83' lang='lat' dir='ltr'><strong>dialogi</strong></span> <span class='ocrx_word' id='word_1_249' title='bbox 1265 4101 1525 4151; x_wconf 82' lang='lat' dir='ltr'><strong>inserviens</strong></span> <span class='ocrx_word' id='word_1_250' title='bbox 1574 4100 1820 4150; x_wconf 83' lang='lat' dir='ltr'><strong>Simmiam</strong></span> <span class='ocrx_word' id='word_1_251' title='bbox 1868 4102 2139 4165; x_wconf 64' lang='lat' dir='ltr'><strong>Aeffltum</strong></span> <span class='ocrx_word' id='word_1_252' title='bbox 2174 4100 2387 4149; x_wconf 82' lang='lat' dir='ltr'><strong>visitasse</strong></span> <span class='ocrx_word' id='word_1_253' title='bbox 2420 4100 2596 4148; x_wconf 78' lang='lat' dir='ltr'><strong>referat</strong></span> <span class='ocrx_word' id='word_1_254' title='bbox 2615 4136 2632 4158; x_wconf 91' lang='lat'>‚</span> <span class='ocrx_word' id='word_1_255' title='bbox 2663 4117 2727 4148; x_wconf 83' lang='lat' dir='ltr'><strong>au</strong></span> 
     </span>
     <span class='ocr_line' id='line_1_33' title="bbox 711 4197 2281 4261; baseline -0.001 -16"><span class='ocrx_word' id='word_1_256' title='bbox 711 4197 873 4246; x_wconf 84' lang='lat' dir='ltr'><strong>idonei</strong></span> <span class='ocrx_word' id='word_1_257' title='bbox 907 4197 1043 4246; x_wconf 82' lang='lat' dir='ltr'><strong>testis</strong></span> <span class='ocrx_word' id='word_1_258' title='bbox 1073 4198 1355 4246; x_wconf 83' lang='lat' dir='ltr'><strong>auctoritate</strong></span> <span class='ocrx_word' id='word_1_259' title='bbox 1389 4198 1565 4256; x_wconf 76' lang='lat' dir='ltr'><strong>fretus,</strong></span> <span class='ocrx_word' id='word_1_260' title='bbox 1600 4197 1650 4246; x_wconf 84' lang='lat' dir='ltr'><strong>in</strong></span> <span class='ocrx_word' id='word_1_261' title='bbox 1684 4197 1881 4246; x_wconf 84' lang='lat' dir='ltr'><strong>dubium</strong></span> <span class='ocrx_word' id='word_1_262' title='bbox 1914 4197 2074 4246; x_wconf 80' lang='lat' dir='ltr'><strong>vocari</strong></span> <span class='ocrx_word' id='word_1_263' title='bbox 2107 4200 2281 4261; x_wconf 82' lang='lat' dir='ltr'><strong>potest.</strong></span> 
     </span>
    </p>
   </div>
  </div>
 </body>
</html>
