3025 5067
1566 409 1689 468 118

624 637 815 698 quum
875 614 1134 678 Socratis
1197 624 1575 678 accusatores
1636 614 1929 677 dicuntur
1987 611 2422 682 δυναστεύοντές
2466 635 2643 681 τινες.

623 732 772 811 Sed,
820 741 891 796 ut
926 735 1052 818 jam
1095 740 1274 796 antea
1305 733 1565 797 vidimus
1600 736 1680 818 (p.
1716 735 1861 817 48),
1892 754 2223 816 pronomen
2250 731 2366 794 hoc
2398 754 2433 792 a
2456 731 2647 814 scrip-

621 861 750 916 tore
807 860 1015 916 nostro
1071 876 1246 938 saepe
1299 853 1577 917 affectato
1626 853 1958 936 elegantiae
1999 850 2203 914 studio
2242 849 2644 914 inculcatum.

623 970 862 1034 Deinde
907 970 1046 1034 illos
1091 970 1180 1034 LI
1227 971 1312 1034 sic
1361 971 1719 1054 distinguit:
1768 973 1813 1034 οἱ
1861 967 2168 1050 τριάκοντα
2200 976 2373 1042 erant
2402 966 2649 1032 πάντων

622 1087 904 1169 ἄρχοντες
950 1087 1376 1168 αὐτοκράτορες.
1449 1087 1586 1152 Hoc
1634 1087 1881 1172 quidem
1927 1094 2163 1151 notum.
2234 1086 2349 1149 His
2384 1085 2651 1170 subjecti

621 1204 820 1272 ἕνδεκα
883 1207 995 1269 viri
1060 1207 1124 1269 in
1193 1206 1369 1283 urbe,
1433 1206 1573 1270 δέκα
1618 1206 1684 1269 in
1731 1205 1985 1284 Piraeo;
2034 1206 2254 1269 horum
2288 1205 2364 1269 de
2395 1227 2654 1269 munere

584 1309 591 1316 ’
623 1348 780 1410 quae
842 1324 1014 1387 addit
1059 1325 1378 1389 obscurius
1425 1324 1589 1388 dicta
1634 1325 1719 1388 sic
1766 1324 2123 1410 explicanda
2170 1331 2347 1388 sunt:
2396 1323 2653 1403 ἑκάτεροι

623 1444 836 1508 τούτων
881 1442 1082 1528 (ὄντες)
1129 1444 1257 1522 περί
1301 1446 1358 1507 τ’
1385 1443 1604 1523 αγορὰν
1649 1442 1747 1508 καὶ
1796 1441 1905 1507 ὅσα
1950 1444 2007 1506 ἐν
2046 1449 2163 1514 τοῖς
2194 1442 2401 1507 ἄστεσι
2434 1443 2656 1506 διοικεῖν

623 1561 728 1625 ἔδει
746 1610 765 1639 ,
829 1561 891 1624 h.
942 1584 992 1624 e.
1041 1562 1337 1644 „utrique
1383 1568 1731 1648 tractantes
1761 1583 1855 1625 res
1902 1561 2169 1624 forenses
2200 1567 2261 1624 et
2293 1554 2554 1624 urbanas
2584 1561 2657 1624 in

625 1678 850 1763 oppido
899 1687 958 1742 et
1003 1680 1068 1742 in
1115 1680 1329 1742 Piraeo
1351 1679 1410 1757 ;”
1460 1680 1609 1742 haec
1656 1680 1817 1744 enim
1865 1679 2043 1742 ambo
2079 1679 2503 1763 significantur
2531 1686 2657 1750 τοῖς

625 1797 869 1875 ἄστεσι,
939 1804 1150 1861 contra
1206 1817 1394 1861 usum
1454 1798 1804 1862 Atticorum
1822 1847 1841 1876 ,
1913 1821 1949 1860 a
2008 1797 2229 1882 quibus
2291 1820 2527 1882 semper
2585 1798 2659 1862 τὸ

624 1916 778 1980 ἄστυ
827 1916 1158 2000 opponitur
1195 1923 1478 1996 Πειραιεῖ,
1530 1924 1603 1979 ut
1646 1917 1711 1980 in
1758 1916 2015 1980 Platone
2060 1915 2136 1980 de
2181 1915 2331 2006 Repf
2381 1915 2448 1994 I,
2473 1916 2653 1979 init.:

625 2033 900 2111 Κατέβην
944 2035 1084 2114 χθὲς
1131 2036 1210 2106 εἷς
1256 2039 1498 2113 Πειραιᾶ
1538 2035 1701 2112 μετα
1729 2035 2064 2106 Γλαύκωνος
2082 2084 2102 2117 ,
2131 2086 2146 2101 .
2176 2086 2191 2101 .
2222 2085 2237 2100 .
2262 2034 2659 2115 προσευξάμε-

625 2177 700 2216 νοι
745 2154 803 2217 δὲ
849 2152 948 2216 καὶ
994 2155 1373 2234 θεωρήσαντες
1421 2153 1659 2236 οἷαι-ᾖμεν
1691 2155 1826 2235 πρὸς
1858 2157 1922 2218 τὸ
1956 2152 2129 2219 ἄστυ.
2178 2155 2361 2218 Doct.
2397 2154 2656 2218 Scheibe

625 2271 746 2355 (die
801 2270 1112 2354 Oligarch.
1183 2271 1585 2356 Umwalzung
1630 2295 1707 2335 zu
1758 2273 1997 2350 Athen,
2042 2295 2100 2357 p.
2154 2275 2234 2334 68
2283 2275 2437 2356 not.)
2470 2273 2658 2337 verba

625 2390 746 2453 ista
805 2397 1088 2474 corrupta
1134 2397 1313 2474 putat
1327 2417 1346 2468 3
1411 2391 1518 2454 sed
1574 2391 1851 2474 quisquis
1900 2392 2219 2476 epistolam
2286 2398 2516 2455 attente
2570 2392 2657 2456 le-

629 2507 818 2590 gerit,
867 2507 1220 2572 huiusmodi
1267 2508 1474 2572 sordes
1522 2531 1645 2573 non
1685 2509 2025 2573 mirabitur.
2118 2509 2303 2589 Quod
2337 2516 2539 2574 autem
2572 2510 2653 2573 ad

628 2648 758 2689 rem
825 2626 1078 2704 attinet,
1155 2634 1555 2710 opponuntur
1615 2628 1714 2691 hic
1776 2628 1893 2690 sibi
1954 2628 2353 2692 undecimviri
2422 2638 2482 2692 et
2550 2629 2653 2692 de-

629 2743 875 2806 cemviri
921 2744 1006 2807 sic
1022 2735 1054 2822 ‚'
1091 2745 1265 2827 quasi
1305 2746 1553 2829 utrique
1586 2745 1795 2810 eodem
1829 2769 2112 2824 munere,
2162 2747 2336 2811 alteri
2367 2748 2431 2810 in
2464 2747 2648 2826 urbe,

631 2862 805 2926 alteri
864 2863 930 2926 in
975 2862 1224 2941 Pii-aen,
1273 2863 1472 2962 functi
1520 2864 1663 2928 sint.
1755 2864 1948 2948 Atqui
1994 2865 2106 2928 hos
2152 2865 2333 2948 plane
2382 2863 2652 2949 dispares

630 2988 690 3043 et
736 2981 1056 3044 dissimiles
1089 2982 1247 3044 inter
1292 3004 1355 3046 se
1402 2982 1590 3046 fuisse
1634 3006 1776 3046 cum
1824 3006 1855 3046 e
1886 3005 2144 3046 numero
2173 2983 2381 3068 colligi
2413 2990 2648 3068 potest,

633 3106 771 3162 tum
818 3099 1072 3163 historia
1118 3101 1338 3184 arguit.

721 3217 960 3281 Docent
1004 3219 1316 3296 historici,
1368 3219 1733 3303 expugnatis
1780 3219 2075 3297 Athenis,
2109 3218 2411 3303 Lysandri
2443 3218 2653 3282 volun-

631 3344 758 3399 tate
820 3360 856 3399 a
919 3337 1144 3421 populo
1207 3343 1438 3400 creatos
1494 3360 1619 3400 esse
1666 3337 1920 3421 triginta
1965 3339 2123 3401 viros
2170 3337 2543 3402 ordinandae
2590 3347 2654 3400 et

633 3455 932 3538 regendae
999 3455 1389 3539 reipublicae.
1475 3456 1759 3540 Xenoph.
1831 3456 1995 3520 Hell.
2067 3456 2135 3519 II
2151 3505 2169 3534 ‚
2235 3459 2272 3518 3
2292 3506 2310 3533 ‚
2376 3459 2449 3518 2:
2498 3430 2652 3530 ἔδειξε

633 3577 713 3654 τῷ
773 3573 932 3653 δήμῳ
975 3572 1283 3654 τριάκοντα
1329 3573 1538 3656 ἄνδρας
1577 3575 1823 3639 ἑλέσθαι.
1896 3574 2047 3638 Rem
2111 3575 2351 3659 copiose
2414 3582 2655 3660 enarrat

633 3690 846 3776 Lysias
894 3713 949 3755 c.
995 3692 1302 3756 Eratosth.
1346 3717 1404 3778 p.
1437 3695 1583 3756 126.
1654 3693 1900 3756 Praeter
1944 3693 2053 3756 hos
2099 3692 2413 3777 Lysander
2444 3693 2651 3757 decem

634 3810 964 3894 praefectos
1012 3813 1365 3896 praeposuit
1415 3812 1659 3889 Pirae0,
1700 3834 1853 3895 quos
1888 3835 2009 3875 una
2047 3835 2183 3876 cum
2218 3813 2340 3876 illis
2376 3835 2653 3897 expresse

633 3930 907 3993 nominat
953 3929 1356 4008 PlutarchUS,
1404 3931 1546 4016 Lys.
1597 3954 1647 3994 c.
1702 3933 1817 3994 15:
1867 3932 2175 4010 τριάκοντα
2219 3933 2326 4010 μὲν
2372 3934 2427 3995 ἐν
2451 3931 2651 4010 ἄστει,

635 4049 774 4112 δέκα
820 4049 867 4111 δ’
892 4050 949 4113 ἐν
993 4057 1249 4126 Πειραιεῖ
1288 4051 1674 4125 καταστήσας
1722 4049 2037 4130 ἄρχοντας.
2130 4049 2356 4112 Decem
2404 4051 2513 4113 hos
2534 4050 2655 4134 Ly-

642 4166 846 4232 sandri
909 4166 1158 4231 arbitrio
1220 4166 1305 4232 ibi
1367 4169 1733 4234 constitutos
1794 4191 1923 4232 esse
1984 4191 2056 4232 ex
2118 4189 2188 4230 eo
2244 4189 2489 4254 quoque
2534 4168 2655 4234 col-
