3025 5067
1327 401 1402 462 71

347 604 546 686 φίλων
561 654 580 683 ,
630 605 797 689 quod
828 606 1192 669 conveniens
1223 613 1415 684 esset,
1440 608 1493 671 si
1516 606 1639 671 Dio
1670 608 1885 671 fuisset
1916 616 2101 693 caput
2132 608 2373 672 scholae

351 724 484 789 sive
543 724 840 800 familiae,
904 732 974 788 ut
1035 725 1402 803 Πυθαγόρειοι
1419 774 1438 807 ,
1487 726 1897 805 Ἡρακλείτειοι
1916 778 1933 801 ,
1982 728 2367 806 Σωκράτειοις

351 842 458 905 1113
505 848 747 907 tantum
793 850 885 907 est
929 843 1296 928 periphrasis
1341 865 1452 928 pro
1493 848 1605 909 τῶν
1652 844 1861 916 Δίωνος
1892 845 2099 925 φίλων.
2148 845 2379 935 Huius-

353 960 528 1027 modi
589 967 682 1025 est
731 963 770 1037 ⁴o‘
828 960 1200 1038 Λωβδοέκειος
1257 968 1434 1039 ποεῖς,
1483 960 1767 1047 Sophocl.
1832 961 1985 1027 Oed.
2032 962 2105 1027 R..
2156 967 2303 1029 267.
2351 966 2378 1029 ὁ

351 1078 686 1159 Ἡράκλειος
728 1078 1054 1159 σύμμαχος
1071 1130 1089 1157 ,
1137 1079 1350 1165 Eurip.
1391 1079 1634 1145 Heraol.
1664 1083 1813 1147 45⁷.
1862 1082 2176 1161 Βερενικείω
2198 1083 2377 1159 θυγα-

349 1202 480 1278 τήρ,
516 1199 765 1265 Theocr.
800 1198 896 1265 Id.
927 1198 1068 1277 XV,
1109 1202 1252 1264 110.
1301 1199 1506 1265 Verba
1528 1200 1661 1265 οὔτε
1690 1207 1807 1265 τοῖς
1840 1201 2186 1266 boumn-ocem
2209 1201 2375 1279 ἄμει-

348 1340 442 1383 νον
505 1325 725 1383 sonant
783 1318 964 1383 etiam
1011 1318 1355 1402 poeticum3
1411 1317 1807 1383 Homericum
1852 1321 1913 1385 οὐ
1960 1321 2078 1399 γὰρ
2123 1318 2371 1396 ἄμεινον.

349 1435 560 1516 Quam
620 1438 778 1502 belle
838 1436 1102 1522 denique
1163 1438 1279 1502 sibi
1326 1416 1733 1523 oppununtur
1778 1439 1917 1505 illa:
1965 1440 1993 1504 ὅ
2040 1440 2146 1517 μὲν
2192 1438 2261 1521 ζῇ
2306 1442 2369 1504 οὐ

347 1561 578 1637 καλῶς,
624 1556 652 1621 ὅ
699 1556 756 1620 δὲ
799 1554 1028 1631 τέθνηκε
1071 1562 1319 1635 καλῶςς,
1348 1579 1498 1621 1111111
1544 1564 1747 1620 tamen
1793 1579 1931 1620 vere
1975 1557 2091 1619 hoc
2138 1557 2371 1621 dictum

347 1673 436 1737 sit
496 1672 729 1738 dubito.
817 1673 904 1737 Ut
965 1675 1126 1739 enim
1188 1674 1265 1738 (13
1325 1674 1621 1759 Dionysio
1684 1674 2051 1738 concedatur
2100 1674 2259 1737 illud
2303 1674 2372 1756 ζῇ

347 1796 416 1857 οὐ
479 1798 672 1863 καλῶς
689 1842 706 1874 ,
769 1792 846 1856 (13
906 1792 1105 1857 Dione
1165 1794 1267 1857 vix
1323 1793 1575 1858 concedi
1622 1800 1823 1878 potest
1866 1793 2093 1869 τέθνηκε
2139 1789 2369 1867 nancte&

347 1912 464 1995 qui
508 1911 736 1975 scilicet
781 1911 1011 1997 perfida
1056 1912 1236 1976 amici
1280 1935 1500 1990 manu,
1550 1912 2017 1997 inspicientibus
2064 1914 2223 1991 suiS,
2271 1936 2375 1977 ne-

338 2030 510 2095 mine
555 2030 887 2109 auxiliante
903 2080 922 2107 ,
971 2032 1036 2095 in
1082 2030 1370 2095 cubiculo
1417 2029 1821 2095 obtruncatus
1868 2041 2014 2095 crat.
2108 2030 2367 2095 Etiamsi

335 2152 511 2235 justa
554 2149 778 2214 faciens
823 2158 1104 2215 mortuus
1152 2150 1263 2228 sit,
1313 2172 1438 2214 non
1471 2156 1679 2214 tamen
1708 2150 1937 2224 τέθνηκε
1966 2156 2193 2227 καλῶςς
2241 2149 2374 2214 rhe—

345 2268 612 2333 toricum
659 2268 774 2332 hoc
820 2268 1014 2353 magis
1045 2290 1228 2353 qnam
1259 2290 1488 2332 verum.
1538 2267 1742 2332 Verba
1770 2270 1874 2343 τὴν
1906 2268 2089 2341 αὐτὴν
2119 2266 2371 2346 ξυμβσυ-
2443 2262 2447 2267 ’

343 2389 456 2461 ahu
514 2387 614 2451 xm)
676 2384 850 2463 λόγον
909 2386 1006 2451 τὸν
1065 2386 1241 2453 αὑτὸν
1301 2394 1448 2451 sunt
1493 2386 1702 2451 inania
1746 2408 2105 2471 synonyma:
2153 2387 2373 2451 referta

346 2512 443 2569 est
497 2506 690 2569 oratio
753 2504 1107 2570 huiusmodi
1153 2506 1502 2591 synonymis
1519 2556 1538 2584 ‚
1598 2506 1821 2589 quibus
1868 2506 2123 2570 fortasse
2176 2506 2372 2570 Plato-

345 2626 546 2689 nicam
591 2624 883 2689 orationis
929 2626 1161 2710 copiam
1213 2631 1638 2689 assecuturum
1692 2648 1757 2689 33
1801 2626 2059 2709 putavit.
2136 2624 2371 2689 Similia

346 2750 493 2807 sunt
538 2765 694 2827 quae
739 2766 882 2807 mox
927 2750 1296 2827 sequuntur:
1345 2744 1560 2825 σμικρὰ
1606 2746 1705 2808 καὶ
1752 2741 2093 2824 ἀνελεύθερα
2108 2796 2127 2819 ,
2152 2749 2261 2808 τῶν
2293 2745 2370 2815 εἷς

343 2861 442 2925 τὸν
494 2860 700 2927 ἔπειτα
743 2865 842 2929 καὶ
891 2865 969 2932 εἰς
1015 2862 1112 2926 τὸν
1157 2862 1420 2942 πάροντω
1463 2860 1651 2942 καιρὸν
1689 2868 1803 2925 cet.
1854 2868 1915 2925 ct
1954 2862 2106 2925 θείων
2156 2887 2223 2927 τε
2268 2862 2368 2926 καὶ

341 2981 715 3060 ἀνθρωπίνων.
808 2980 885 3045 In
949 2980 1146 3045 verbis
1207 2980 1391 3062 τρίτον
1449 2980 1654 3059 τρίτοις
1670 3029 1689 3062 ,
1738 2978 1898 3043 illud
1941 2980 2124 3060 τρίτον
2171 2981 2367 3045 solum

347 3100 804 3185 paronomasiae
863 3122 1046 3164 causa
1106 3099 1420 3177 additum3
1496 3098 1653 3163 nihil
1714 3099 1977 3184 amplius
2048 3098 2197 3163 dicit
2250 3101 2369 3164 nisi

346 3218 516 3303 quod
576 3225 788 3303 postea
847 3218 1104 3303 legitur:
1167 3225 1370 3283 ταῦτα
1429 3223 1646 3298 πρῶτον
1699 3219 1806 3295 μὲν
1832 3270 1847 3285 .
1877 3270 1891 3283 .
1922 3270 1935 3283 .
1984 3218 2235 3297 δεύτερον
2262 3271 2276 3285 .
2305 3269 2318 3282 .
2350 3270 2363 3285 .

342 3337 562 3417 τρίτους
613 3312 683 3399 ’δὲ
746 3337 902 3413 ὑμᾶς
961 3342 1055 3401 νῦν
1073 3386 1087 3399 .
1135 3343 1349 3417 ψυχῶν
1395 3338 1494 3413 ἤθη
1543 3345 1635 3401 est
1680 3337 2045 3422 periphrasis
2094 3338 2369 3421 quaesita

341 3477 454 3540 pro
501 3454 740 3535 ψυχαί,
790 3462 862 3517 ut
908 3478 967 3541 p.
1017 3456 1146 3518 328
1193 3454 1282 3518 B:
1333 3455 1399 3519 τὸ
1446 3455 1657 3527 Δίωνος
1690 3450 1813 3529 ἦθος
1844 3464 1949 3530 τῆς
1978 3462 2184 3535 ψυχῆς
2217 3457 2365 3536 πέρι.

345 3572 469 3636 Sed
513 3573 691 3637 venio
754 3573 830 3637 ad
875 3573 1071 3637 illud:
1121 3573 1227 3638 καί
1267 3597 1362 3650 μοι
1410 3574 1668 3639 πείθεσθε
1715 3574 1849 3646 Διὸς
1894 3573 2082 3651 τρίτου
2128 3582 2371 3655 σωτῆρος

346 3690 543 3773 χάριν.
649 3692 766 3756 'I'er
845 3701 1184 3777 quaterque
1259 3693 1417 3757 illud
1484 3694 1813 3777 repetitum
1880 3694 2063 3773 τρίτος
2128 3694 2193 3757 111
2261 3693 2375 3757 hac

347 3811 651 3879 sententia
711 3811 943 3895 puerile
1005 3812 1341 3897 elegantiae
1395 3812 1732 3897 aucupium
1784 3811 2034 3875 redolet.
2128 3811 2374 3896 Spectat

343 3937 552 3995 autem
607 3930 684 3994 ad
738 3931 1125 4016 proverbium
1170 3955 1295 3997 non
1342 3932 1528 3997 semel
1574 3954 1610 3995 a
1655 3930 1915 3996 Platone
1959 3938 2328 4017 usurpatum
2344 3982 2363 4009 ,

342 4051 412 4115 τὸ
478 4051 662 4131 τρίτον
729 4053 810 4133 τῷ
880 4060 1140 4132 Σωτῆρι,
1211 4051 1378 4137 (111311
1448 4051 1707 4129 dicitur,
1780 4058 1852 4115 ut
1913 4052 1999 4116 ait
2044 4051 2369 4117 scholiasta

341 4170 424 4235 ad
491 4169 800 4235 Charmid.
871 4195 930 4257 p.
1008 4174 1129 4238 167
1203 4174 1293 4250 A,
1364 4171 1460 4237 ε”πὶ
1518 4178 1641 4239 τῶν
1700 4171 1932 4244 τελείως
1983 4197 2039 4237 τι
2084 4170 2371 4252 πραττόν-
