3025 5067
1600 390 1718 450 102

655 618 969 659 commune
1001 596 1182 659 fuisse
1216 593 1426 657 salutis
1451 595 1847 679 principium,
1881 618 2097 680 nempe
2122 593 2285 678 quod
2310 595 2375 657 in
2397 594 2669 657 maximo

651 712 918 797 periculo
978 712 1309 796 Dionysius
1357 718 1416 775 et
1461 711 1838 796 Hipparinus
1885 714 2164 796 (uterque
2210 713 2422 795 maior)
2470 710 2667 775 creati

651 837 850 895 essent
891 831 1144 911 τύραννοι
1190 828 1624 910 αὐτοκράτορες,
1674 852 1931 914 quorum
1977 854 2091 917 ope
2136 830 2423 895 Hellenos
2463 853 2499 894 a
2528 829 2671 893 bar-

650 950 933 1015 barorum
979 950 1268 1013 servitute
1314 948 1599 1013 liberatos
1647 972 1801 1026 esse3
1850 950 1926 1013 ob
1976 971 2130 1033 quae
2160 950 2373 1014 merita
2404 949 2671 1033 gratiam

653 1068 856 1133 deberi
901 1068 1306 1132 servatoribus
1351 1070 1432 1151 (p.
1469 1070 1595 1131 353
1630 1068 1724 1152 Β).
1774 1068 2010 1132 Deinde
2040 1076 2416 1153 praesentem
2458 1090 2673 1131 rerum

653 1194 876 1251 statum
937 1187 1119 1251 talem
1182 1210 1307 1250 esse
1363 1186 1545 1264 dicit,
1596 1193 1664 1250 ut
1714 1188 1944 1251 neutris
1989 1187 2282 1272 partibus*
2308 1186 2480 1250 facile
2526 1208 2672 1270 spes

655 1308 734 1369 sit
794 1306 1073 1370 vincendi
1133 1306 1537 1384 adversarios,
1592 1306 1778 1371 immo
1837 1305 2231 1371 metuendum
2276 1306 2357 1369 sit
2401 1327 2477 1368 ne
2522 1303 2679 1367 Sici-

651 1426 731 1488 lia
777 1426 883 1489 fiat
927 1424 1150 1509 praeda
1193 1424 1526 1509 Opicorum
1572 1432 1633 1488 et
1676 1425 2052 1489 Poenorum:
2103 1446 2288 1508 quare
2334 1446 2487 1508 opus
2529 1446 2667 1487 esse

652 1542 771 1606 tale
817 1543 1072 1606 inveniri
1117 1542 1483 1619 remedium,
1533 1541 1697 1625 quod
1744 1542 2018 1626 utrisque
2064 1548 2379 1626 acceptum
2422 1548 2482 1605 et
2509 1540 2671 1603 utile

653 1661 732 1723 sit
792 1660 1085 1724 futurum.
1177 1659 1478 1743 Deinceps
1540 1666 1827 1743 tanquam
1892 1660 2145 1737 arbiter,
2206 1660 2493 1733 διαιτητοῦ
2538 1658 2670 1739 τρό-

655 1803 794 1851 πον,
843 1780 1204 1843 sententiam
1251 1800 1421 1841 suam
1469 1778 1748 1871 enuntiat
1791 1781 1873 1864 (p.
1924 1780 2052 1841 354
2102 1780 2200 1861 A).

738 1896 1124 1981 Principibus
1171 1896 1386 1960 suadet
1429 1903 1500 1960 ut
1543 1918 1766 1961 nomen
1813 1904 1874 1961 et
1909 1897 2231 1983 imperium
2261 1896 2502 1981 tyranni
2532 1918 2678 1959 mu-

653 2022 784 2079 tent
841 2015 905 2078 in
964 2014 1278 2091 βασιλείαν
1339 2022 1401 2078 et
1460 2014 1775 2079 dominum
1832 2015 2209 2079 constituant
2267 2016 2497 2099 legem,
2562 2036 2670 2077 ex-

655 2133 938 2219 emplum.
990 2141 1308 2217 sequentes
1376 2133 1676 2219 Lycurgi,
1747 2136 1854 2219 qui
1923 2134 2033 2198 hac
2088 2135 2322 2198 ratione
2375 2134 2661 2218 Spartam

655 2260 946 2316 servasset
1006 2252 1406 2330 incolumem3
1463 2252 1788 2338 populares
1835 2259 2037 2317 autem
2082 2259 2289 2317 monet
2335 2274 2540 2317 cavere
2584 2275 2676 2316 ne

652 2371 966 2451 ἐλευθερίας
1010 2371 1316 2453 ἀπληστία
1357 2370 1633 2441 incidant
1676 2372 1741 2435 in
1785 2372 2077 2451 ἀναρχίαν
2093 2422 2111 2446 ,
2158 2370 2359 2443 edocti
2390 2371 2675 2456 exemplo

655 2488 870 2573 prioris
933 2488 1218 2573 temporis
1235 2538 1254 2566 ,
1325 2511 1513 2572 quum
1561 2489 1749 2581 nimia
1795 2489 2039 2555 libertas
2087 2490 2441 2555 servitutem
2484 2511 2676 2574 pepe-

653 2606 762 2668 rit:
834 2604 1060 2671 δουλεία
1124 2607 1241 2686 γαρ
1284 2606 1383 2669 καὶ
1429 2606 1716 2685 ἐλευθερία
1763 2607 2217 2687 ὑπερβάλλουσα
2262 2608 2368 2685 μὲν
2414 2608 2673 2687 ἑκάτεροι

653 2725 964 2801 πάγκακον
981 2775 998 2795 ,
1064 2724 1344 2804 ἔμμετρος
1405 2726 1451 2789 δ’
1489 2721 1631 2790 οὖσα
1692 2726 2031 2803 πανάγαθον
2058 2747 2073 2763 ·
2122 2728 2334 2807 μετρία
2378 2728 2435 2792 δὲ
2480 2730 2511 2802 ἦ
2558 2728 2673 2808 θεῷ

653 2843 876 2925 δουλείᾳ
891 2892 908 2923 ,
980 2841 1224 2923 ἄμετρος
1291 2843 1348 2907 δὲ
1417 2847 1449 2919 ἦ
1518 2851 1634 2916 τοῖς
1702 2844 1999 2925 ἀνθρώποις
2027 2867 2040 2881 ·
2104 2844 2221 2917 θεὸς
2269 2845 2318 2908 δ’
2362 2845 2673 2925 ἀνθρώποις

653 2966 900 3041 σώφροσι
967 2958 1166 3038 νόμος,
1221 2958 1430 3043 ἄφροσι
1477 2961 1537 3025 δὲ
1580 2962 1740 3039 ἡδονή
1760 3013 1775 3028 .
1825 2964 1906 3047 (p.
1957 2965 2086 3027 354
2132 2962 2226 3047 E).

740 3079 855 3142 His
903 3079 1080 3144 dictis
1127 3079 1387 3143 Dionem
1410 3086 1702 3164 tanquam
1734 3103 1765 3144 e
1796 3082 2051 3145 mortuis
2080 3080 2367 3145 reducem
2390 3080 2467 3156 ad
2489 3080 2672 3165 Syra-

654 3220 908 3261 cusanos
954 3197 1303 3281 loquentem
1337 3198 1501 3261 facit.
1560 3198 1894 3283 Postquam
1932 3199 2144 3266 docuit
2170 3199 2366 3284 legem
2391 3206 2669 3285 spectare

653 3322 927 3399 oportere
983 3338 1108 3379 non
1153 3315 1317 3398 quod
1363 3315 1616 3399 yolupe,
1666 3315 1771 3381 sed
1817 3316 1981 3401 quod
2026 3324 2261 3383 rectum
2306 3319 2415 3397 sit,
2462 3338 2673 3401 neque

654 3434 731 3497 ad
777 3433 1016 3497 divitias
1063 3434 1310 3499 tendere
1325 3483 1344 3511 ‚
1379 3434 1484 3497 sed
1513 3434 1591 3497 ad
1624 3436 1906 3510 virtutem
1922 3485 1940 3513 ,
1969 3434 2119 3510 dicit
2140 3437 2387 3519 utrique
2411 3437 2669 3500 factioni

654 3552 802 3615 utile
835 3560 893 3615 et
929 3574 1189 3635 aequum
1225 3574 1354 3615 esse
1390 3574 1496 3635 per
1529 3553 2023 3636 compositionem
2047 3554 2228 3617 finem
2255 3553 2401 3618 belli
2424 3554 2617 3619 facere
2634 3604 2661 3631 ,

654 3676 723 3733 ut
789 3669 1020 3733 civibus
1090 3669 1170 3732 sit
1237 3670 1521 3748 ἐλευθερία
1589 3692 1728 3733 cum
1794 3677 2093 3757 potestate
2162 3673 2362 3757 regia,
2411 3672 2663 3757 regibus

654 3793 858 3851 autem
904 3788 982 3850 sit
1027 3790 1186 3867 ἀρχῆ
1235 3788 1565 3870 ὑπεύθυνος,
1619 3789 1912 3853 universis
1958 3812 2125 3868 νει-ο,
2173 3796 2297 3853 tam
2328 3791 2456 3875 regi
2480 3812 2669 3873 quam

655 3905 921 3982 civibuS‚
985 3904 1080 3968 lex
1139 3905 1408 3991 imperet.
1500 3904 1657 3968 Tum
1704 3928 1872 3991 reges
1919 3908 1992 3970 iis
2039 3908 2422 3974 commendat
2466 3908 2669 3993 primo

652 4024 785 4087 loco
841 4023 1033 4087 filium
1081 4046 1297 4101 suum,
1353 4024 1619 4087 secundo
1666 4025 2075 4109 Hipparinum
2121 4027 2337 4109 prioris
2382 4027 2669 4111 Dionysii

652 4141 847 4207 filium
864 4191 882 4218 ,
929 4142 1109 4205 tertio
1155 4142 1516 4232 Dionysium
1563 4143 1888 4220 minorem,
1936 4144 2257 4230 expulsum
2301 4152 2661 4232 tyrannum,
