3025 5067
1315 425 1433 488 179

368 654 472 696 rae
534 632 915 719 disciplinam
978 640 1399 717 cognosceret:
1475 633 1740 716 primum
1802 638 2043 695 mortuo
2104 629 2384 708 Socrate,

367 751 590 815 iterum
643 758 854 836 postea
868 801 886 830 ,
944 751 1248 836 Eurytum
1299 750 1698 815 Tarentinum
1746 757 1807 814 et
1838 750 2133 814 seniorem
2160 749 2389 833 Archy-

364 877 492 934 tam
550 877 836 936 sectatus,
929 871 1169 935 Horum
1215 871 1519 956 posterius
1565 871 1681 934 iter
1726 869 2051 955 quadraret
2113 891 2253 933 cum
2301 893 2388 933 se-

367 988 572 1052 cundo
618 991 749 1054 eius
795 989 1063 1054 adventu
1108 990 1173 1053 in
1217 989 1507 1054 Siciliam.
1611 989 1892 1073 Denique
1938 988 2219 1053 Laertius
2268 992 2386 1073 (su-

366 1129 479 1190 pra
531 1130 592 1192 p.
654 1110 802 1192 166)
849 1131 988 1173 eum
1032 1109 1100 1172 in
1144 1108 1327 1172 Italia
1371 1131 1512 1172 cum
1558 1107 1955 1194 Pythagoreis
2000 1108 2279 1172 Philolao
2327 1117 2389 1173 et

367 1224 605 1310 Euryto
652 1249 1046 1310 congressum
1090 1250 1220 1292 esse
1264 1234 1547 1292 testatur.

459 1344 714 1410 Collatis
761 1347 856 1410 his
903 1348 1267 1411 testimoniis
1313 1347 1591 1411 videmus
1639 1369 1847 1410 omnes
1895 1346 1961 1410 in
1990 1346 2107 1410 hoc
2140 1353 2391 1409 consen:

367 1464 482 1528 tire
500 1514 518 1542 ,
549 1464 870 1530 Platonem
894 1466 970 1530 ad
994 1466 1407 1551 Pythagoreos
1440 1465 1777 1530 audiendos
1800 1427 1865 1529 i}
1889 1464 2133 1530 Italiam
2161 1465 2389 1549 profec-

340 1589 503 1646 'tum
574 1606 702 1646 esse
719 1610 737 1661 3
801 1584 1075 1668 plerique
1154 1585 1486 1649 Tarentum
1566 1585 1783 1648 adiisse
1854 1584 2099 1660 dicunt,
2174 1581 2385 1647 Cicero

369 1702 552 1765 etiam
597 1701 826 1767 Locros
873 1703 1063 1768 addit.
1158 1705 1251 1768 De
1297 1704 1679 1789 philosophis
1726 1711 1934 1766 autem
1978 1725 2131 1786 quos
2164 1703 2251 1767 ibi
2282 1725 2385 1767 au-

367 1823 551 1887 dierit
611 1823 864 1887 variant.
950 1824 1044 1888 Ex
1089 1825 1184 1888 his
1231 1824 1306 1887 de
1353 1823 1482 1888 solo
1532 1823 1805 1908 Archyta
1849 1845 2057 1887 omnes
2112 1823 2388 1886 conveni-

370 1950 516 2020 unt3
584 1943 902 2006 Philolaus
979 1943 1215 2007 dudum
1280 1951 1408 2008 erat
1460 1948 1741 2006 mortuus
1757 1970 1775 2020 3
1833 1941 2050 2006 melius
2106 1941 2388 2005 convenit

368 2061 667 2146 EurthS,
733 2063 840 2146 qui
898 2062 1164 2127 Philolai
1223 2062 1563 2146 discipulus
1626 2062 1813 2125 fuisse
1871 2059 2259 2145 perhibetur3
2310 2059 2387 2122 de

368 2179 645 2244 Platonis
691 2180 1135 2244 consuetudine
1184 2203 1323 2244 cum
1369 2179 1616 2244 Timaeo
1663 2180 1729 2244 in
1776 2180 1969 2264 ipsius
2016 2178 2258 2262 dialogo
2292 2201 2387 2241 ex-

370 2304 494 2361 stat
554 2298 846 2362 memoria
861 2325 879 2376 3
931 2299 1298 2364 Echecrates
1359 2306 1545 2362 notus
1604 2321 1635 2362 e
1695 2297 2021 2362 Phaedone
2036 2324 2054 2374 3
2106 2297 2387 2360 Actionis

369 2440 494 2480 non
538 2418 662 2482 nisi
703 2440 925 2482 nomen
975 2418 1053 2481 ad
1097 2440 1208 2482 nos
1255 2418 1550 2502 pervenit.
1580 2418 1627 2501 l)

459 2535 574 2598 Est
605 2543 809 2600 autem
842 2537 1012 2601 locus
1038 2535 1368 2615 CiceroniS,
1403 2535 1478 2600 de
1508 2535 1749 2600 Senect.
1785 2558 1835 2599 c.
1876 2537 1986 2611 12,
2023 2557 2055 2597 e
2088 2555 2207 2617 quo
2239 2555 2388 2598 non-

369 2655 528 2718 nulli
612 2663 856 2740 tempus
915 2655 1104 2720 huius
1159 2655 1393 2720 itineris
1455 2655 1695 2719 definiri
1752 2677 1928 2739 posse
1990 2659 2307 2738 putarunt.
2332 2653 2385 2736 2)

368 2772 497 2851 Ibi,
523 2773 866 2838 'memorato
900 2774 1204 2858 Archytae
1235 2795 1530 2851 sermone,
1565 2774 1712 2838 haec
1745 2772 1947 2837 addit:
1997 2771 2213 2850 „Haec
2245 2793 2384 2834 cum

371 2892 440 2956 O.
502 2892 726 2956 Pontio
788 2892 1091 2971 Samnite,
1139 2900 1311 2978 patre
1358 2893 1525 2971 eiuS,
1576 2916 1610 2956 a
1656 2914 1779 2976 quo
1827 2890 2107 2955 Caudino
2154 2890 2385 2975 proelio

369 3011 473 3097 Sp.
544 3011 899 3076 Postumius
962 3012 1031 3075 T.
1081 3012 1376 3077 Veturius
1424 3013 1704 3076 consules
1752 3010 2022 3097 superati
2069 3017 2248 3086 sunt,
2305 3009 2391 3071 lo-

372 3137 585 3195 cutum
635 3131 1000 3214 Archytam,
1049 3129 1368 3195 Nearchus
1416 3131 1781 3195 Tarentinus
1810 3178 1824 3192 .
1856 3179 1870 3193 .
1900 3178 1915 3192 .
1966 3151 2029 3192 se
2075 3151 2111 3192 a
2154 3127 2393 3191 maiori-

369 3249 485 3314 bus
549 3255 701 3313 natu
764 3249 1060 3334 accepisse
1125 3249 1396 3326 dicebat,
1463 3272 1656 3333 quum
1712 3247 1957 3332 quidem
2024 3247 2079 3310 ei
2125 3246 2388 3309 sermoni.

370 3367 747 3432 interfuisset
808 3367 986 3430 Plato
1049 3367 1474 3446 Atheniensis3
1541 3389 1723 3451 quem
1768 3365 2103 3430 Tarentum
2153 3364 2387 3428 venisse

371 3486 443 3549 L.
494 3485 752 3551 Camillo
799 3487 1004 3571 Appio
1052 3485 1312 3550 Claudio
1360 3485 1531 3548 Coss.
1572 3483 1869 3569 reperi0.'’
1959 3481 2037 3547 In
2068 3482 2389 3546 consulum

370 3605 722 3668 nominibus
780 3605 1139 3670 manifestus
1203 3614 1294 3668 est
1355 3627 1552 3682 error,
1616 3603 1920 3688 siquidem
1980 3603 2043 3665 hi
2108 3601 2388 3665 consules

437 3933 485 3992 1)
519 3932 740 3981 Acrionis
773 3948 943 3982 nomen
979 3932 1091 3982 alibi
1129 3947 1224 3980 nou
1242 3935 1667 3994 memoratur3pro
1685 3930 1777 3979 hoc
1806 3930 2055 3994 legendum
2079 3930 2390 3994 probabiliter

369 4029 556 4088 Acron,
590 4029 673 4092 qui
706 4029 956 4092 Agrigenti
990 4028 1154 4077 floruit
1187 4032 1402 4091 tempore
1435 4026 1550 4075 belli
1583 4025 1974 4090 Peloponnesiaci
2008 4031 2055 4073 et
2088 4025 2266 4075 amicus
2296 4026 2388 4074 fuit

368 4123 686 4185 Empedoclis.
756 4124 955 4187 Scripsit
989 4124 1048 4171 de
1083 4123 1330 4172 medicina.
1367 4122 1478 4172 Vid.
1512 4123 1669 4170 Laert.
1708 4122 1855 4179 VIII,
1893 4121 1971 4170 65.

436 4219 486 4279 2)
523 4219 632 4268 Vid.
669 4219 886 4278 Corsini,
923 4220 980 4268 de
1016 4219 1161 4268 natali
1198 4219 1274 4267 die
1309 4219 1434 4268 Plat.
1472 4219 1520 4266 in
1556 4218 1720 4282 Symb.
1756 4217 1902 4266 Liter.
1948 4217 2051 4265 Vol.
2090 4217 2179 4274 v1,
2205 4233 2249 4280 p.
2274 4215 2385 4266 197.

2022 4311 2147 4369 12*
