<?xml version="1.0" encoding="UTF-8"?>
<!DOCTYPE html PUBLIC "-//W3C//DTD XHTML 1.0 Transitional//EN"
    "http://www.w3.org/TR/xhtml1/DTD/xhtml1-transitional.dtd">
<html xmlns="http://www.w3.org/1999/xhtml" xml:lang="en" lang="en">
 <head>
  <title>
</title>
<meta http-equiv="Content-Type" content="text/html;charset=utf-8" />
  <meta name='ocr-system' content='tesseract 3.04.00' />
  <meta name='ocr-capabilities' content='ocr_page ocr_carea ocr_par ocr_line ocrx_word'/>
</head>
<body>
  <div class='ocr_page' id='page_1' title='image "./commentatiocrit02karsgoog_0210.png"; bbox 0 0 3025 5067; ppageno 0'>
   <div class='ocr_carea' id='block_1_1' title="bbox 1676 368 1796 428">
    <p class='ocr_par' dir='ltr' id='par_1_1' title="bbox 1676 368 1796 428">
     <span class='ocr_line' id='line_1_1' title="bbox 1676 368 1796 428; baseline 0 0"><span class='ocrx_word' id='word_1_1' title='bbox 1676 368 1796 428; x_wconf 81' lang='lat'><strong>190</strong></span> 
     </span>
    </p>
   </div>
   <div class='ocr_carea' id='block_1_2' title="bbox 724 574 2763 3980">
    <p class='ocr_par' dir='ltr' id='par_1_2' title="bbox 727 574 2760 881">
     <span class='ocr_line' id='line_1_2' title="bbox 815 574 2759 654; baseline 0.001 -16"><span class='ocrx_word' id='word_1_2' title='bbox 815 576 1008 640; x_wconf 82' lang='lat' dir='ltr'><strong>Totus</strong></span> <span class='ocrx_word' id='word_1_3' title='bbox 1054 576 1154 640; x_wconf 83' lang='lat' dir='ltr'><strong>hic</strong></span> <span class='ocrx_word' id='word_1_4' title='bbox 1201 574 1372 640; x_wconf 88' lang='lat' dir='ltr'><strong>locus</strong></span> <span class='ocrx_word' id='word_1_5' title='bbox 1419 576 1684 640; x_wconf 85' lang='lat' dir='ltr'><strong>colorem</strong></span> <span class='ocrx_word' id='word_1_6' title='bbox 1729 575 1913 639; x_wconf 79' lang='lat' dir='ltr'><strong>refert</strong></span> <span class='ocrx_word' id='word_1_7' title='bbox 1958 574 2381 654; x_wconf 80' lang='lat' dir='ltr'><strong>Platonicum3</strong></span> <span class='ocrx_word' id='word_1_8' title='bbox 2423 577 2759 641; x_wconf 74' lang='lat' dir='ltr'><strong>concinna-</strong></span> 
     </span>
     <span class='ocr_line' id='line_1_3' title="bbox 727 694 2760 781; baseline 0 -22"><span class='ocrx_word' id='word_1_9' title='bbox 727 703 828 759; x_wconf 89' lang='lat' dir='ltr'><strong>tus</strong></span> <span class='ocrx_word' id='word_1_10' title='bbox 892 703 984 760; x_wconf 89' lang='lat' dir='ltr'><strong>est</strong></span> <span class='ocrx_word' id='word_1_11' title='bbox 1028 695 1361 759; x_wconf 77' lang='lat' dir='ltr'><strong>Platonicis</strong></span> <span class='ocrx_word' id='word_1_12' title='bbox 1416 694 1614 759; x_wconf 89' lang='lat' dir='ltr'><strong>verbis</strong></span> <span class='ocrx_word' id='word_1_13' title='bbox 1662 702 1723 758; x_wconf 89' lang='lat' dir='ltr'><strong>et</strong></span> <span class='ocrx_word' id='word_1_14' title='bbox 1770 694 1950 759; x_wconf 86' lang='lat' dir='ltr'><strong>dictis</strong></span> <span class='ocrx_word' id='word_1_15' title='bbox 1966 743 1985 772; x_wconf 90' lang='lat'>‚</span> <span class='ocrx_word' id='word_1_16' title='bbox 2036 694 2143 758; x_wconf 89' lang='lat' dir='ltr'><strong>sed</strong></span> <span class='ocrx_word' id='word_1_17' title='bbox 2191 717 2261 758; x_wconf 89' lang='lat' dir='ltr'><strong>ea</strong></span> <span class='ocrx_word' id='word_1_18' title='bbox 2302 717 2416 759; x_wconf 84' lang='lat' dir='ltr'><strong>nec</strong></span> <span class='ocrx_word' id='word_1_19' title='bbox 2464 702 2604 781; x_wconf 89' lang='lat' dir='ltr'><strong>apte</strong></span> <span class='ocrx_word' id='word_1_20' title='bbox 2654 719 2760 760; x_wconf 84' lang='lat' dir='ltr'><strong>co-</strong></span> 
     </span>
     <span class='ocr_line' id='line_1_4' title="bbox 729 813 2543 881; baseline 0.001 -3"><span class='ocrx_word' id='word_1_21' title='bbox 729 814 981 879; x_wconf 81' lang='lat' dir='ltr'><strong>haerent</strong></span> <span class='ocrx_word' id='word_1_22' title='bbox 1027 821 1088 878; x_wconf 89' lang='lat' dir='ltr'><strong>et</strong></span> <span class='ocrx_word' id='word_1_23' title='bbox 1132 837 1168 878; x_wconf 89' lang='lat' dir='ltr'><strong>a</strong></span> <span class='ocrx_word' id='word_1_24' title='bbox 1212 813 1485 878; x_wconf 83' lang='lat' dir='ltr'><strong>Platonis</strong></span> <span class='ocrx_word' id='word_1_25' title='bbox 1534 813 1835 878; x_wconf 86' lang='lat' dir='ltr'><strong>sententia</strong></span> <span class='ocrx_word' id='word_1_26' title='bbox 1880 836 1949 877; x_wconf 81' lang='lat' dir='ltr'><strong>ao</strong></span> <span class='ocrx_word' id='word_1_27' title='bbox 1994 821 2199 878; x_wconf 89' lang='lat' dir='ltr'><strong>mente</strong></span> <span class='ocrx_word' id='word_1_28' title='bbox 2245 814 2543 881; x_wconf 88' lang='lat' dir='ltr'><strong>aberrant.</strong></span> 
     </span>
    </p>

    <p class='ocr_par' dir='ltr' id='par_1_3' title="bbox 724 928 2763 3980">
     <span class='ocr_line' id='line_1_5' title="bbox 814 928 2760 1012; baseline -0.001 -15"><span class='ocrx_word' id='word_1_29' title='bbox 814 934 1020 998; x_wconf 89' lang='lat' dir='ltr'><strong>Primo</strong></span> <span class='ocrx_word' id='word_1_30' title='bbox 1067 932 1252 998; x_wconf 81' lang='lat' dir='ltr'><strong>dicit:</strong></span> <span class='ocrx_word' id='word_1_31' title='bbox 1301 931 1422 997; x_wconf 80' lang='grc' dir='ltr'><strong>ἔστι</strong></span> <span class='ocrx_word' id='word_1_32' title='bbox 1466 933 1601 1012; x_wconf 88' lang='grc' dir='ltr'><strong>τριά</strong></span> <span class='ocrx_word' id='word_1_33' title='bbox 1646 934 1713 997; x_wconf 71' lang='grc' dir='ltr'><strong>δι’</strong></span> <span class='ocrx_word' id='word_1_34' title='bbox 1758 928 1831 997; x_wconf 79' lang='grc' dir='ltr'><strong>ὧν</strong></span> <span class='ocrx_word' id='word_1_35' title='bbox 1876 934 1980 1006; x_wconf 79' lang='grc' dir='ltr'><strong>την</strong></span> <span class='ocrx_word' id='word_1_36' title='bbox 2024 934 2349 1011; x_wconf 73' lang='grc' dir='ltr'><strong><em>ἐπιστήμην</em></strong></span> <span class='ocrx_word' id='word_1_37' title='bbox 2372 933 2607 1010; x_wconf 84' lang='grc' dir='ltr'><em>άνάγκη</em></span> <span class='ocrx_word' id='word_1_38' title='bbox 2632 957 2760 997; x_wconf 78' lang='grc' dir='ltr'><strong>πα-</strong></span> 
     </span>
     <span class='ocr_line' id='line_1_6' title="bbox 725 1049 2761 1134; baseline -0.001 -18"><span class='ocrx_word' id='word_1_39' title='bbox 725 1053 1101 1130; x_wconf 83' lang='grc' dir='ltr'><em>ραγίγνεσθαι</em></span> <span class='ocrx_word' id='word_1_40' title='bbox 1117 1104 1134 1128; x_wconf 90' lang='grc'><em>,</em></span> <span class='ocrx_word' id='word_1_41' title='bbox 1197 1050 1409 1134; x_wconf 78' lang='grc' dir='ltr'><em>ὄνομα,</em></span> <span class='ocrx_word' id='word_1_42' title='bbox 1474 1049 1651 1127; x_wconf 89' lang='grc' dir='ltr'><em>λόγος</em></span> <span class='ocrx_word' id='word_1_43' title='bbox 1668 1100 1684 1133; x_wconf 83' lang='lat'><em>,</em></span> <span class='ocrx_word' id='word_1_44' title='bbox 1734 1049 1983 1117; x_wconf 73' lang='grc' dir='ltr'><em>εἴδωλον.</em></span> <span class='ocrx_word' id='word_1_45' title='bbox 2075 1051 2333 1115; x_wconf 85' lang='lat' dir='ltr'><strong>Initium</strong></span> <span class='ocrx_word' id='word_1_46' title='bbox 2390 1051 2505 1115; x_wconf 91' lang='lat' dir='ltr'><strong>hoc</strong></span> <span class='ocrx_word' id='word_1_47' title='bbox 2521 1100 2540 1129; x_wconf 90' lang='lat'>‚</span> <span class='ocrx_word' id='word_1_48' title='bbox 2582 1051 2761 1115; x_wconf 87' lang='lat' dir='ltr'><strong>unde</strong></span> 
     </span>
     <span class='ocr_line' id='line_1_7' title="bbox 726 1170 2761 1256; baseline -0 -21"><span class='ocrx_word' id='word_1_49' title='bbox 726 1178 856 1236; x_wconf 89' lang='lat' dir='ltr'><strong>tota</strong></span> <span class='ocrx_word' id='word_1_50' title='bbox 901 1171 1240 1256; x_wconf 88' lang='lat' dir='ltr'><strong>disputatio</strong></span> <span class='ocrx_word' id='word_1_51' title='bbox 1289 1170 1516 1255; x_wconf 87' lang='lat' dir='ltr'><strong>pendet</strong></span> <span class='ocrx_word' id='word_1_52' title='bbox 1534 1220 1553 1249; x_wconf 90' lang='lat'>‚</span> <span class='ocrx_word' id='word_1_53' title='bbox 1602 1170 1972 1255; x_wconf 83' lang='lat' dir='ltr'><strong>descriptum</strong></span> <span class='ocrx_word' id='word_1_54' title='bbox 2019 1178 2113 1234; x_wconf 90' lang='lat' dir='ltr'><strong>est</strong></span> <span class='ocrx_word' id='word_1_55' title='bbox 2149 1171 2297 1256; x_wconf 89' lang='lat' dir='ltr'><strong>ipsis</strong></span> <span class='ocrx_word' id='word_1_56' title='bbox 2329 1193 2517 1256; x_wconf 84' lang='lat' dir='ltr'><strong>paene</strong></span> <span class='ocrx_word' id='word_1_57' title='bbox 2549 1171 2761 1235; x_wconf 84' lang='lat' dir='ltr'><strong>verbis</strong></span> 
     </span>
     <span class='ocr_line' id='line_1_8' title="bbox 726 1287 2763 1374; baseline -0 -21"><span class='ocrx_word' id='word_1_58' title='bbox 726 1313 759 1353; x_wconf 91' lang='lat' dir='ltr'><strong>e</strong></span> <span class='ocrx_word' id='word_1_59' title='bbox 822 1290 978 1353; x_wconf 87' lang='lat' dir='ltr'><strong>libro</strong></span> <span class='ocrx_word' id='word_1_60' title='bbox 1033 1288 1109 1352; x_wconf 89' lang='lat' dir='ltr'><strong>de</strong></span> <span class='ocrx_word' id='word_1_61' title='bbox 1169 1287 1360 1373; x_wconf 87' lang='lat' dir='ltr'><strong>Legg.</strong></span> <span class='ocrx_word' id='word_1_62' title='bbox 1423 1288 1519 1366; x_wconf 92' lang='lat' dir='ltr'><strong>X,</strong></span> <span class='ocrx_word' id='word_1_63' title='bbox 1568 1312 1628 1373; x_wconf 88' lang='lat' dir='ltr'><strong>p.</strong></span> <span class='ocrx_word' id='word_1_64' title='bbox 1681 1291 1805 1352; x_wconf 88' lang='lat'><strong>895</strong></span> <span class='ocrx_word' id='word_1_65' title='bbox 1855 1289 1949 1367; x_wconf 92' lang='lat' dir='ltr'><strong>D,</strong></span> <span class='ocrx_word' id='word_1_66' title='bbox 1996 1289 2104 1353; x_wconf 91' lang='lat' dir='ltr'><strong>ubi</strong></span> <span class='ocrx_word' id='word_1_67' title='bbox 2149 1290 2368 1374; x_wconf 84' lang='lat' dir='ltr'><strong>hospes</strong></span> <span class='ocrx_word' id='word_1_68' title='bbox 2415 1290 2763 1353; x_wconf 87' lang='lat' dir='ltr'><strong>Athenien-</strong></span> 
     </span>
     <span class='ocr_line' id='line_1_9' title="bbox 728 1407 2763 1492; baseline 0.001 -22"><span class='ocrx_word' id='word_1_69' title='bbox 728 1409 810 1471; x_wconf 89' lang='lat' dir='ltr'><strong>sis</strong></span> <span class='ocrx_word' id='word_1_70' title='bbox 827 1458 844 1486; x_wconf 88' lang='lat'><em>,</em></span> <span class='ocrx_word' id='word_1_71' title='bbox 911 1409 1095 1474; x_wconf 86' lang='lat' dir='ltr'><strong>animi</strong></span> <span class='ocrx_word' id='word_1_72' title='bbox 1150 1407 1566 1472; x_wconf 88' lang='lat' dir='ltr'><strong>definitionem</strong></span> <span class='ocrx_word' id='word_1_73' title='bbox 1615 1407 1901 1485; x_wconf 82' lang='lat' dir='ltr'><strong>daturuS‚</strong></span> <span class='ocrx_word' id='word_1_74' title='bbox 1950 1407 2425 1492; x_wconf 87' lang='lat' dir='ltr'><strong>disputationem</strong></span> <span class='ocrx_word' id='word_1_75' title='bbox 2471 1407 2567 1470; x_wconf 88' lang='lat' dir='ltr'><strong>his</strong></span> <span class='ocrx_word' id='word_1_76' title='bbox 2621 1431 2763 1472; x_wconf 88' lang='lat' dir='ltr'><strong>ver-</strong></span> 
     </span>
     <span class='ocr_line' id='line_1_10' title="bbox 728 1524 2763 1610; baseline -0.001 -19"><span class='ocrx_word' id='word_1_77' title='bbox 728 1526 822 1591; x_wconf 90' lang='lat' dir='ltr'><strong>bis</strong></span> <span class='ocrx_word' id='word_1_78' title='bbox 881 1527 1266 1610; x_wconf 82' lang='lat' dir='ltr'><strong>aggreditur:</strong></span> <span class='ocrx_word' id='word_1_79' title='bbox 1337 1527 1471 1607; x_wconf 44' lang='lat' dir='ltr'><strong>ffAp&#39;</strong></span> <span class='ocrx_word' id='word_1_80' title='bbox 1524 1528 1625 1590; x_wconf 81' lang='grc' dir='ltr'><strong>οὐκ</strong></span> <span class='ocrx_word' id='word_1_81' title='bbox 1666 1525 1739 1590; x_wconf 73' lang='grc' dir='ltr'><strong>ἂν</strong></span> <span class='ocrx_word' id='word_1_82' title='bbox 1784 1525 1987 1598; x_wconf 73' lang='grc' dir='ltr'><em>ἐθέλοις</em></span> <span class='ocrx_word' id='word_1_83' title='bbox 2034 1526 2160 1608; x_wconf 76' lang='grc' dir='ltr'><strong>περὶ</strong></span> <span class='ocrx_word' id='word_1_84' title='bbox 2206 1524 2447 1591; x_wconf 75' lang='grc' dir='ltr'><em>ἕκαστον</em></span> <span class='ocrx_word' id='word_1_85' title='bbox 2492 1527 2624 1603; x_wconf 81' lang='grc' dir='ltr'><em>τρία</em></span> <span class='ocrx_word' id='word_1_86' title='bbox 2673 1550 2763 1589; x_wconf 90' lang='grc' dir='ltr'><strong>νο-</strong></span> 
     </span>
     <span class='ocr_line' id='line_1_11' title="bbox 728 1641 2761 1723; baseline 0 -14"><span class='ocrx_word' id='word_1_87' title='bbox 728 1652 840 1720; x_wconf 85' lang='grc' dir='ltr'><em>εῖν,</em></span> <span class='ocrx_word' id='word_1_88' title='bbox 897 1641 955 1708; x_wconf 80' lang='grc' dir='ltr'><strong>ἓν</strong></span> <span class='ocrx_word' id='word_1_89' title='bbox 1017 1645 1125 1723; x_wconf 79' lang='grc' dir='ltr'><strong>μὲν</strong></span> <span class='ocrx_word' id='word_1_90' title='bbox 1170 1646 1274 1719; x_wconf 75' lang='grc' dir='ltr'><strong>την</strong></span> <span class='ocrx_word' id='word_1_91' title='bbox 1319 1644 1547 1720; x_wconf 78' lang='grc' dir='ltr'><em>οὐσίαν,</em></span> <span class='ocrx_word' id='word_1_92' title='bbox 1598 1643 1655 1708; x_wconf 84' lang='grc' dir='ltr'><strong>ἓν</strong></span> <span class='ocrx_word' id='word_1_93' title='bbox 1695 1645 1752 1708; x_wconf 78' lang='grc' dir='ltr'><strong>δὲ</strong></span> <span class='ocrx_word' id='word_1_94' title='bbox 1796 1641 1902 1720; x_wconf 77' lang='grc' dir='ltr'><em>τῆς</em></span> <span class='ocrx_word' id='word_1_95' title='bbox 1947 1646 2143 1717; x_wconf 75' lang='grc' dir='ltr'><strong><em>οὐσίαις</em></strong></span> <span class='ocrx_word' id='word_1_96' title='bbox 2189 1645 2286 1710; x_wconf 83' lang='grc' dir='ltr'><strong>τὸν</strong></span> <span class='ocrx_word' id='word_1_97' title='bbox 2330 1643 2536 1721; x_wconf 80' lang='grc' dir='ltr'><em>λόγον,</em></span> <span class='ocrx_word' id='word_1_98' title='bbox 2585 1642 2642 1709; x_wconf 86' lang='grc' dir='ltr'><strong>ἓν</strong></span> <span class='ocrx_word' id='word_1_99' title='bbox 2696 1645 2761 1710; x_wconf 81' lang='grc' dir='ltr'><strong>δὲ</strong></span> 
     </span>
     <span class='ocr_line' id='line_1_12' title="bbox 724 1763 2762 1848; baseline -0 -20"><span class='ocrx_word' id='word_1_100' title='bbox 724 1764 792 1829; x_wconf 81' lang='grc' dir='ltr'><strong>τὸ</strong></span> <span class='ocrx_word' id='word_1_101' title='bbox 854 1763 1050 1841; x_wconf 78' lang='grc' dir='ltr'><em>ὄνομα.</em></span> <span class='ocrx_word' id='word_1_102' title='bbox 1101 1764 1372 1848; x_wconf 88' lang='lat' dir='ltr'><strong>Apparet</strong></span> <span class='ocrx_word' id='word_1_103' title='bbox 1410 1771 1617 1827; x_wconf 88' lang='lat' dir='ltr'><strong>tamen</strong></span> <span class='ocrx_word' id='word_1_104' title='bbox 1664 1763 2022 1828; x_wconf 85' lang='lat' dir='ltr'><strong>discrimen:</strong></span> <span class='ocrx_word' id='word_1_105' title='bbox 2070 1763 2248 1828; x_wconf 90' lang='lat' dir='ltr'><strong>Plato</strong></span> <span class='ocrx_word' id='word_1_106' title='bbox 2289 1770 2584 1828; x_wconf 88' lang='lat' dir='ltr'><strong>memorat</strong></span> <span class='ocrx_word' id='word_1_107' title='bbox 2616 1773 2762 1828; x_wconf 90' lang='lat' dir='ltr'><strong>tan-</strong></span> 
     </span>
     <span class='ocr_line' id='line_1_13' title="bbox 728 1881 2761 1964; baseline 0 -19"><span class='ocrx_word' id='word_1_108' title='bbox 728 1890 861 1946; x_wconf 92' lang='lat' dir='ltr'><strong>tum</strong></span> <span class='ocrx_word' id='word_1_109' title='bbox 906 1891 1012 1957; x_wconf 80' lang='grc' dir='ltr'><em>τῆς</em></span> <span class='ocrx_word' id='word_1_110' title='bbox 1057 1883 1252 1952; x_wconf 76' lang='grc' dir='ltr'><strong><em>οὐσίαις</em></strong></span> <span class='ocrx_word' id='word_1_111' title='bbox 1294 1881 1470 1957; x_wconf 75' lang='grc' dir='ltr'><em>ὄνομα</em></span> <span class='ocrx_word' id='word_1_112' title='bbox 1497 1889 1577 1945; x_wconf 74' lang='lat' dir='ltr'><strong>’et</strong></span> <span class='ocrx_word' id='word_1_113' title='bbox 1612 1881 1819 1964; x_wconf 84' lang='grc' dir='ltr'><em>λόγον,</em></span> <span class='ocrx_word' id='word_1_114' title='bbox 1861 1904 1987 1945; x_wconf 83' lang='grc'>11011</span> <span class='ocrx_word' id='word_1_115' title='bbox 2026 1882 2198 1946; x_wconf 85' lang='lat' dir='ltr'><strong>addit</strong></span> <span class='ocrx_word' id='word_1_116' title='bbox 2220 1883 2465 1948; x_wconf 72' lang='grc' dir='ltr'><em>εἴδωλον.</em></span> <span class='ocrx_word' id='word_1_117' title='bbox 2507 1883 2761 1962; x_wconf 81' lang='grc' dir='ltr'><em>’Όνομοι</em></span> 
     </span>
     <span class='ocr_line' id='line_1_14' title="bbox 728 2001 2761 2085; baseline 0 -19"><span class='ocrx_word' id='word_1_118' title='bbox 728 2009 833 2068; x_wconf 59' lang='lat' dir='ltr'><strong>estu</strong></span> <span class='ocrx_word' id='word_1_119' title='bbox 878 2024 1077 2065; x_wconf 79' lang='lat' dir='ltr'><strong>nomen</strong></span> <span class='ocrx_word' id='word_1_120' title='bbox 1123 2022 1246 2085; x_wconf 87' lang='lat' dir='ltr'><strong>quo</strong></span> <span class='ocrx_word' id='word_1_121' title='bbox 1292 2023 1386 2064; x_wconf 88' lang='lat' dir='ltr'><strong>res</strong></span> <span class='ocrx_word' id='word_1_122' title='bbox 1434 2007 1714 2078; x_wconf 86' lang='lat' dir='ltr'><strong>notatur,</strong></span> <span class='ocrx_word' id='word_1_123' title='bbox 1748 2001 1921 2078; x_wconf 86' lang='grc' dir='ltr'><em>λόγος</em></span> <span class='ocrx_word' id='word_1_124' title='bbox 1952 2003 2262 2084; x_wconf 73' lang='lat' dir='ltr'><strong>descriptio</strong></span> <span class='ocrx_word' id='word_1_125' title='bbox 2307 2002 2402 2066; x_wconf 86' lang='lat' dir='ltr'><strong>vel</strong></span> <span class='ocrx_word' id='word_1_126' title='bbox 2448 2003 2711 2085; x_wconf 72' lang='lat' dir='ltr'><strong>definitio</strong></span> <span class='ocrx_word' id='word_1_127' title='bbox 2730 2029 2761 2077; x_wconf 89' lang='lat'><em>;</em></span> 
     </span>
     <span class='ocr_line' id='line_1_15' title="bbox 729 2119 2761 2206; baseline 0 -23"><span class='ocrx_word' id='word_1_128' title='bbox 729 2119 906 2184; x_wconf 88' lang='lat' dir='ltr'><strong>ambo</strong></span> <span class='ocrx_word' id='word_1_129' title='bbox 965 2119 1112 2183; x_wconf 87' lang='lat' dir='ltr'><strong>haec</strong></span> <span class='ocrx_word' id='word_1_130' title='bbox 1173 2142 1350 2204; x_wconf 86' lang='lat' dir='ltr'><strong>saepe</strong></span> <span class='ocrx_word' id='word_1_131' title='bbox 1397 2119 1563 2204; x_wconf 88' lang='lat' dir='ltr'><strong>apud</strong></span> <span class='ocrx_word' id='word_1_132' title='bbox 1609 2119 1927 2184; x_wconf 88' lang='lat' dir='ltr'><strong>Platonem</strong></span> <span class='ocrx_word' id='word_1_133' title='bbox 1974 2120 2261 2206; x_wconf 85' lang='lat' dir='ltr'><strong>copulata</strong></span> <span class='ocrx_word' id='word_1_134' title='bbox 2304 2120 2625 2206; x_wconf 84' lang='lat' dir='ltr'><strong>leguntur,</strong></span> <span class='ocrx_word' id='word_1_135' title='bbox 2681 2129 2761 2184; x_wconf 89' lang='lat' dir='ltr'><strong>ut</strong></span> 
     </span>
     <span class='ocr_line' id='line_1_16' title="bbox 727 2237 2759 2323; baseline 0 -21"><span class='ocrx_word' id='word_1_136' title='bbox 727 2239 794 2302; x_wconf 91' lang='lat' dir='ltr'><strong>in</strong></span> <span class='ocrx_word' id='word_1_137' title='bbox 846 2238 1106 2302; x_wconf 83' lang='lat' dir='ltr'><strong>Politieo</strong></span> <span class='ocrx_word' id='word_1_138' title='bbox 1126 2288 1144 2316; x_wconf 91' lang='lat'><em>,</em></span> <span class='ocrx_word' id='word_1_139' title='bbox 1201 2262 1260 2323; x_wconf 92' lang='lat' dir='ltr'><strong>p.</strong></span> <span class='ocrx_word' id='word_1_140' title='bbox 1313 2240 1436 2302; x_wconf 81' lang='lat'><strong>271</strong></span> <span class='ocrx_word' id='word_1_141' title='bbox 1489 2237 1574 2301; x_wconf 78' lang='lat' dir='ltr'><strong>C:</strong></span> <span class='ocrx_word' id='word_1_142' title='bbox 1622 2238 1721 2304; x_wconf 74' lang='grc' dir='ltr'><strong>καὶ</strong></span> <span class='ocrx_word' id='word_1_143' title='bbox 1769 2249 2041 2316; x_wconf 78' lang='grc' dir='ltr'><em>γηγενεῖς</em></span> <span class='ocrx_word' id='word_1_144' title='bbox 2087 2240 2152 2313; x_wconf 75' lang='grc' dir='ltr'><strong>δη</strong></span> <span class='ocrx_word' id='word_1_145' title='bbox 2196 2239 2359 2304; x_wconf 73' lang='grc' dir='ltr'><em>κατα</em></span> <span class='ocrx_word' id='word_1_146' title='bbox 2404 2245 2603 2304; x_wconf 76' lang='grc' dir='ltr'><em>τοῦτον</em></span> <span class='ocrx_word' id='word_1_147' title='bbox 2646 2239 2759 2302; x_wconf 83' lang='grc' dir='ltr'><strong>τὸν</strong></span> 
     </span>
     <span class='ocr_line' id='line_1_17' title="bbox 727 2354 2760 2437; baseline 0 -16"><span class='ocrx_word' id='word_1_148' title='bbox 727 2357 902 2433; x_wconf 89' lang='grc' dir='ltr'><em>λόγον</em></span> <span class='ocrx_word' id='word_1_149' title='bbox 961 2355 1028 2432; x_wconf 77' lang='grc' dir='ltr'><strong>ἐξ</strong></span> <span class='ocrx_word' id='word_1_150' title='bbox 1085 2355 1349 2434; x_wconf 85' lang='grc' dir='ltr'><em>άνάγκης</em></span> <span class='ocrx_word' id='word_1_151' title='bbox 1410 2357 1727 2437; x_wconf 81' lang='grc' dir='ltr'><em>φυομένους</em></span> <span class='ocrx_word' id='word_1_152' title='bbox 1781 2354 1954 2429; x_wconf 77' lang='grc' dir='ltr'><em>οὕτως</em></span> <span class='ocrx_word' id='word_1_153' title='bbox 2001 2356 2159 2437; x_wconf 79' lang='grc' dir='ltr'><em>ἔχειν</em></span> <span class='ocrx_word' id='word_1_154' title='bbox 2203 2357 2459 2435; x_wconf 79' lang='grc' dir='ltr'><em>τοῦνομα</em></span> <span class='ocrx_word' id='word_1_155' title='bbox 2502 2357 2602 2421; x_wconf 79' lang='grc' dir='ltr'><strong>καὶ</strong></span> <span class='ocrx_word' id='word_1_156' title='bbox 2648 2357 2760 2421; x_wconf 84' lang='grc' dir='ltr'><strong>τὸν</strong></span> 
     </span>
     <span class='ocr_line' id='line_1_18' title="bbox 726 2473 2761 2562; baseline -0 -21"><span class='ocrx_word' id='word_1_157' title='bbox 726 2476 920 2554; x_wconf 89' lang='grc' dir='ltr'><em>λόγον.</em></span> <span class='ocrx_word' id='word_1_158' title='bbox 961 2473 1161 2554; x_wconf 49' lang='lat' dir='ltr'><strong>*Quid</strong></span> <span class='ocrx_word' id='word_1_159' title='bbox 1209 2481 1410 2539; x_wconf 90' lang='lat' dir='ltr'><strong>autem</strong></span> <span class='ocrx_word' id='word_1_160' title='bbox 1468 2483 1559 2538; x_wconf 90' lang='lat' dir='ltr'><strong>est</strong></span> <span class='ocrx_word' id='word_1_161' title='bbox 1600 2473 1875 2539; x_wconf 72' lang='grc' dir='ltr'><strong>εἴδωλονὲ)</strong></span> <span class='ocrx_word' id='word_1_162' title='bbox 1922 2477 1980 2538; x_wconf 88' lang='lat' dir='ltr'>A</span> <span class='ocrx_word' id='word_1_163' title='bbox 2011 2482 2218 2540; x_wconf 87' lang='lat' dir='ltr'><strong>nostro</strong></span> <span class='ocrx_word' id='word_1_164' title='bbox 2250 2483 2501 2540; x_wconf 84' lang='lat' dir='ltr'><strong>vocatur</strong></span> <span class='ocrx_word' id='word_1_165' title='bbox 2522 2476 2761 2562; x_wconf 66' lang='lat' dir='ltr'><strong>qffiqies</strong></span> 
     </span>
     <span class='ocr_line' id='line_1_19' title="bbox 729 2594 2760 2681; baseline 0 -23"><span class='ocrx_word' id='word_1_166' title='bbox 729 2618 831 2659; x_wconf 88' lang='lat' dir='ltr'><strong>seu</strong></span> <span class='ocrx_word' id='word_1_167' title='bbox 874 2597 1081 2679; x_wconf 72' lang='lat' dir='ltr'><strong>fiqura</strong></span> <span class='ocrx_word' id='word_1_168' title='bbox 1128 2595 1214 2658; x_wconf 90' lang='lat' dir='ltr'><strong>rei</strong></span> <span class='ocrx_word' id='word_1_169' title='bbox 1262 2594 1375 2658; x_wconf 90' lang='lat' dir='ltr'><strong>sub</strong></span> <span class='ocrx_word' id='word_1_170' title='bbox 1424 2616 1672 2658; x_wconf 91' lang='lat' dir='ltr'><strong>sensum</strong></span> <span class='ocrx_word' id='word_1_171' title='bbox 1722 2594 1942 2658; x_wconf 84' lang='lat' dir='ltr'><strong>cadens</strong></span> <span class='ocrx_word' id='word_1_172' title='bbox 1956 2643 1975 2672; x_wconf 90' lang='lat'>‚</span> <span class='ocrx_word' id='word_1_173' title='bbox 2025 2603 2097 2658; x_wconf 88' lang='lat' dir='ltr'><strong>ut</strong></span> <span class='ocrx_word' id='word_1_174' title='bbox 2142 2603 2393 2681; x_wconf 87' lang='lat' dir='ltr'><strong>apparet</strong></span> <span class='ocrx_word' id='word_1_175' title='bbox 2437 2618 2509 2659; x_wconf 87' lang='lat' dir='ltr'><strong>ex</strong></span> <span class='ocrx_word' id='word_1_176' title='bbox 2554 2618 2760 2659; x_wconf 85' lang='lat' dir='ltr'><strong>exem-</strong></span> 
     </span>
     <span class='ocr_line' id='line_1_20' title="bbox 729 2713 2758 2799; baseline 0.001 -22"><span class='ocrx_word' id='word_1_177' title='bbox 729 2714 831 2799; x_wconf 92' lang='lat' dir='ltr'><strong>plo</strong></span> <span class='ocrx_word' id='word_1_178' title='bbox 895 2736 1017 2797; x_wconf 92' lang='lat' dir='ltr'><strong>quo</strong></span> <span class='ocrx_word' id='word_1_179' title='bbox 1082 2713 1281 2777; x_wconf 89' lang='lat' dir='ltr'><strong>utitur</strong></span> <span class='ocrx_word' id='word_1_180' title='bbox 1338 2719 1439 2778; x_wconf 79' lang='grc' dir='ltr'><em>τοῦ</em></span> <span class='ocrx_word' id='word_1_181' title='bbox 1502 2715 1717 2779; x_wconf 81' lang='grc' dir='ltr'><em>κύκλου</em></span> <span class='ocrx_word' id='word_1_182' title='bbox 1736 2764 1753 2796; x_wconf 88' lang='grc'>,</span> <span class='ocrx_word' id='word_1_183' title='bbox 1820 2715 2011 2778; x_wconf 89' lang='lat' dir='ltr'><strong>cuius.</strong></span> <span class='ocrx_word' id='word_1_184' title='bbox 2037 2713 2264 2779; x_wconf 75' lang='grc' dir='ltr'><em>εἴδωλον</em></span> <span class='ocrx_word' id='word_1_185' title='bbox 2312 2715 2462 2779; x_wconf 88' lang='lat' dir='ltr'><strong>dicit</strong></span> <span class='ocrx_word' id='word_1_186' title='bbox 2506 2738 2635 2779; x_wconf 88' lang='lat' dir='ltr'><strong>esse</strong></span> <span class='ocrx_word' id='word_1_187' title='bbox 2682 2715 2758 2779; x_wconf 83' lang='grc' dir='ltr'><strong>τὸ</strong></span> 
     </span>
     <span class='ocr_line' id='line_1_21' title="bbox 727 2803 2755 2924; baseline 0 -28"><span class='ocrx_word' id='word_1_188' title='bbox 727 2803 1208 2914; x_wconf 60' lang='grc' dir='ltr'><em>ζὲογροιφούμενον</em></span> <span class='ocrx_word' id='word_1_189' title='bbox 1269 2831 1366 2896; x_wconf 76' lang='grc' dir='ltr'><strong>καὶ</strong></span> <span class='ocrx_word' id='word_1_190' title='bbox 1425 2832 1812 2910; x_wconf 78' lang='grc' dir='ltr'><em>τορνευόμενον</em></span> <span class='ocrx_word' id='word_1_191' title='bbox 1868 2834 1982 2924; x_wconf 56' lang='grc' dir='ltr'><strong>καὶν</strong></span> <span class='ocrx_word' id='word_1_192' title='bbox 2026 2831 2473 2916; x_wconf 76' lang='grc' dir='ltr'><em>ἐξαλειφόμενόν</em></span> <span class='ocrx_word' id='word_1_193' title='bbox 2534 2859 2601 2898; x_wconf 86' lang='grc' dir='ltr'><strong>τε</strong></span> <span class='ocrx_word' id='word_1_194' title='bbox 2644 2835 2755 2897; x_wconf 73' lang='grc' dir='ltr'><strong>καὶ</strong></span> 
     </span>
     <span class='ocr_line' id='line_1_22' title="bbox 728 2950 2755 3031; baseline -0 -14"><span class='ocrx_word' id='word_1_195' title='bbox 728 2952 1131 3029; x_wconf 83' lang='grc' dir='ltr'><em>άπολλύμενον</em></span> <span class='ocrx_word' id='word_1_196' title='bbox 1148 2977 1166 3028; x_wconf 85' lang='lat'>3</span> <span class='ocrx_word' id='word_1_197' title='bbox 1233 2973 1268 3013; x_wconf 90' lang='lat' dir='ltr'><strong>a</strong></span> <span class='ocrx_word' id='word_1_198' title='bbox 1329 2950 1587 3015; x_wconf 90' lang='lat' dir='ltr'><strong>Platone</strong></span> <span class='ocrx_word' id='word_1_199' title='bbox 1648 2960 1852 3016; x_wconf 90' lang='lat' dir='ltr'><strong>autem</strong></span> <span class='ocrx_word' id='word_1_200' title='bbox 1914 2952 2160 3030; x_wconf 71' lang='grc' dir='ltr'><em>εἴδωλα,</em></span> <span class='ocrx_word' id='word_1_201' title='bbox 2210 2953 2251 3016; x_wconf 84' lang='lat' dir='ltr'><strong>i.</strong></span> <span class='ocrx_word' id='word_1_202' title='bbox 2300 2975 2349 3016; x_wconf 88' lang='lat' dir='ltr'><strong>e.</strong></span> <span class='ocrx_word' id='word_1_203' title='bbox 2397 2952 2755 3031; x_wconf 72' lang='lat' dir='ltr'><strong>simulacra,</strong></span> 
     </span>
     <span class='ocr_line' id='line_1_23' title="bbox 729 3070 2758 3157; baseline 0 -23"><span class='ocrx_word' id='word_1_204' title='bbox 729 3094 906 3156; x_wconf 85' lang='lat' dir='ltr'><strong>saepe</strong></span> <span class='ocrx_word' id='word_1_205' title='bbox 952 3070 1338 3156; x_wconf 82' lang='lat' dir='ltr'><strong>appellantur</strong></span> <span class='ocrx_word' id='word_1_206' title='bbox 1384 3092 1454 3133; x_wconf 88' lang='lat' dir='ltr'><strong>ea</strong></span> <span class='ocrx_word' id='word_1_207' title='bbox 1499 3092 1655 3153; x_wconf 88' lang='lat' dir='ltr'><strong>quae</strong></span> <span class='ocrx_word' id='word_1_208' title='bbox 1701 3071 1978 3135; x_wconf 85' lang='lat' dir='ltr'><strong>sensibus</strong></span> <span class='ocrx_word' id='word_1_209' title='bbox 2026 3071 2483 3157; x_wconf 81' lang='lat' dir='ltr'><strong>percipiuntur,</strong></span> <span class='ocrx_word' id='word_1_210' title='bbox 2520 3073 2758 3157; x_wconf 87' lang='lat' dir='ltr'><strong>quippe</strong></span> 
     </span>
     <span class='ocr_line' id='line_1_24' title="bbox 729 3187 2757 3274; baseline -0 -20"><span class='ocrx_word' id='word_1_211' title='bbox 729 3212 883 3274; x_wconf 88' lang='lat' dir='ltr'><strong>quae</strong></span> <span class='ocrx_word' id='word_1_212' title='bbox 932 3190 1055 3253; x_wconf 88' lang='lat' dir='ltr'><strong>sint</strong></span> <span class='ocrx_word' id='word_1_213' title='bbox 1101 3189 1274 3272; x_wconf 89' lang='lat' dir='ltr'><strong>quasi</strong></span> <span class='ocrx_word' id='word_1_214' title='bbox 1320 3187 1524 3260; x_wconf 77' lang='grc' dir='ltr'><em>εἵκονες</em></span> <span class='ocrx_word' id='word_1_215' title='bbox 1570 3194 1681 3253; x_wconf 85' lang='grc' dir='ltr'><strong>τῶν</strong></span> <span class='ocrx_word' id='word_1_216' title='bbox 1727 3187 1895 3254; x_wconf 77' lang='grc' dir='ltr'><em>ὄντων</em></span> <span class='ocrx_word' id='word_1_217' title='bbox 1913 3239 1930 3272; x_wconf 85' lang='grc'>,</span> <span class='ocrx_word' id='word_1_218' title='bbox 1980 3210 2241 3273; x_wconf 89' lang='lat' dir='ltr'><strong>quorum</strong></span> <span class='ocrx_word' id='word_1_219' title='bbox 2284 3190 2757 3254; x_wconf 86' lang='lat' dir='ltr'><strong>similitudinem</strong></span> 
     </span>
     <span class='ocr_line' id='line_1_25' title="bbox 730 3305 2756 3393; baseline 0.001 -21"><span class='ocrx_word' id='word_1_220' title='bbox 730 3308 824 3372; x_wconf 86' lang='lat' dir='ltr'><strong>vel</strong></span> <span class='ocrx_word' id='word_1_221' title='bbox 855 3308 1059 3393; x_wconf 87' lang='lat' dir='ltr'><strong>potius</strong></span> <span class='ocrx_word' id='word_1_222' title='bbox 1090 3305 1366 3371; x_wconf 86' lang='lat' dir='ltr'><strong>umbram</strong></span> <span class='ocrx_word' id='word_1_223' title='bbox 1391 3306 1677 3370; x_wconf 86' lang='lat' dir='ltr'><strong>referant.</strong></span> <span class='ocrx_word' id='word_1_224' title='bbox 1728 3306 1825 3370; x_wconf 90' lang='lat' dir='ltr'><strong>Ita</strong></span> <span class='ocrx_word' id='word_1_225' title='bbox 1855 3308 1920 3370; x_wconf 90' lang='lat' dir='ltr'><strong>in</strong></span> <span class='ocrx_word' id='word_1_226' title='bbox 1951 3307 2210 3372; x_wconf 86' lang='lat' dir='ltr'><strong>Phaedr.</strong></span> <span class='ocrx_word' id='word_1_227' title='bbox 2236 3330 2295 3393; x_wconf 89' lang='lat' dir='ltr'><strong>p.</strong></span> <span class='ocrx_word' id='word_1_228' title='bbox 2327 3311 2407 3373; x_wconf 73' lang='lat'><strong>27</strong></span> <span class='ocrx_word' id='word_1_229' title='bbox 2418 3311 2453 3370; x_wconf 88' lang='lat'>6</span> <span class='ocrx_word' id='word_1_230' title='bbox 2480 3310 2570 3386; x_wconf 88' lang='lat' dir='ltr'><strong>A,</strong></span> <span class='ocrx_word' id='word_1_231' title='bbox 2598 3311 2756 3385; x_wconf 80' lang='grc' dir='ltr'><em>ὅγε-</em></span> 
     </span>
     <span class='ocr_line' id='line_1_26' title="bbox 729 3423 2754 3507; baseline 0 -18"><span class='ocrx_word' id='word_1_232' title='bbox 729 3425 1062 3507; x_wconf 83' lang='grc' dir='ltr'><em>γραμμένος</em></span> <span class='ocrx_word' id='word_1_233' title='bbox 1108 3425 1282 3501; x_wconf 89' lang='grc' dir='ltr'><em>λόγος</em></span> <span class='ocrx_word' id='word_1_234' title='bbox 1330 3431 1581 3487; x_wconf 77' lang='lat' dir='ltr'><strong>vocatur</strong></span> <span class='ocrx_word' id='word_1_235' title='bbox 1617 3424 1845 3489; x_wconf 75' lang='grc' dir='ltr'><em>εἴδωλον</em></span> <span class='ocrx_word' id='word_1_236' title='bbox 1882 3432 1983 3490; x_wconf 77' lang='grc' dir='ltr'><strong>τοῦ</strong></span> <span class='ocrx_word' id='word_1_237' title='bbox 2022 3426 2199 3504; x_wconf 89' lang='grc' dir='ltr'><em>λόγου</em></span> <span class='ocrx_word' id='word_1_238' title='bbox 2239 3423 2297 3498; x_wconf 81' lang='grc' dir='ltr'><em>ὃς</em></span> <span class='ocrx_word' id='word_1_239' title='bbox 2336 3429 2470 3502; x_wconf 85' lang='grc' dir='ltr'><em>μετ’</em></span> <span class='ocrx_word' id='word_1_240' title='bbox 2509 3427 2754 3502; x_wconf 77' lang='grc' dir='ltr'><strong>ἐπιστή-</strong></span> 
     </span>
     <span class='ocr_line' id='line_1_27' title="bbox 729 3543 2747 3630; baseline 0.001 -22"><span class='ocrx_word' id='word_1_241' title='bbox 729 3570 844 3622; x_wconf 88' lang='grc' dir='ltr'><em>μης</em></span> <span class='ocrx_word' id='word_1_242' title='bbox 905 3544 1207 3626; x_wconf 86' lang='grc' dir='ltr'><em>γράφεται</em></span> <span class='ocrx_word' id='word_1_243' title='bbox 1273 3544 1329 3606; x_wconf 83' lang='grc' dir='ltr'><strong>ἐν</strong></span> <span class='ocrx_word' id='word_1_244' title='bbox 1365 3554 1439 3626; x_wconf 76' lang='grc' dir='ltr'><strong>τῇ</strong></span> <span class='ocrx_word' id='word_1_245' title='bbox 1486 3549 1587 3608; x_wconf 76' lang='grc' dir='ltr'><strong>τοῦ</strong></span> <span class='ocrx_word' id='word_1_246' title='bbox 1634 3543 2014 3621; x_wconf 79' lang='grc' dir='ltr'><em>μανθάνοντος</em></span> <span class='ocrx_word' id='word_1_247' title='bbox 2060 3551 2255 3627; x_wconf 71' lang='grc' dir='ltr'><em>ψυχῇ.</em></span> <span class='ocrx_word' id='word_1_248' title='bbox 2315 3545 2396 3608; x_wconf 82' lang='lat' dir='ltr'><strong>Et</strong></span> <span class='ocrx_word' id='word_1_249' title='bbox 2441 3545 2505 3608; x_wconf 89' lang='lat' dir='ltr'><strong>in</strong></span> <span class='ocrx_word' id='word_1_250' title='bbox 2552 3544 2747 3630; x_wconf 87' lang='lat' dir='ltr'><strong>Soph.</strong></span> 
     </span>
     <span class='ocr_line' id='line_1_28' title="bbox 729 3633 2750 3748; baseline 0 -22"><span class='ocrx_word' id='word_1_251' title='bbox 729 3686 790 3748; x_wconf 90' lang='lat' dir='ltr'><strong>p.</strong></span> <span class='ocrx_word' id='word_1_252' title='bbox 862 3665 988 3726; x_wconf 74' lang='lat'><strong>239</strong></span> <span class='ocrx_word' id='word_1_253' title='bbox 1053 3661 1143 3740; x_wconf 91' lang='lat' dir='ltr'><strong>D,</strong></span> <span class='ocrx_word' id='word_1_254' title='bbox 1206 3683 1398 3745; x_wconf 89' lang='lat' dir='ltr'><strong>quum</strong></span> <span class='ocrx_word' id='word_1_255' title='bbox 1459 3661 1680 3746; x_wconf 87' lang='lat' dir='ltr'><strong>hospes</strong></span> <span class='ocrx_word' id='word_1_256' title='bbox 1736 3633 2047 3726; x_wconf 75' lang='lat' dir='ltr'><strong>Eleatious</strong></span> <span class='ocrx_word' id='word_1_257' title='bbox 2109 3662 2349 3746; x_wconf 86' lang='lat' dir='ltr'><strong>quaerit</strong></span> <span class='ocrx_word' id='word_1_258' title='bbox 2409 3663 2557 3747; x_wconf 88' lang='lat' dir='ltr'><strong>quid</strong></span> <span class='ocrx_word' id='word_1_259' title='bbox 2618 3664 2750 3728; x_wconf 88' lang='lat' dir='ltr'><strong>sint</strong></span> 
     </span>
     <span class='ocr_line' id='line_1_29' title="bbox 729 3777 2749 3863; baseline 0.001 -18"><span class='ocrx_word' id='word_1_260' title='bbox 729 3779 973 3858; x_wconf 73' lang='grc' dir='ltr'><em>εἴδωλα,</em></span> <span class='ocrx_word' id='word_1_261' title='bbox 1019 3779 1386 3844; x_wconf 82' lang='lat' dir='ltr'><strong>Theaetetus</strong></span> <span class='ocrx_word' id='word_1_262' title='bbox 1432 3779 1521 3842; x_wconf 85' lang='lat' dir='ltr'><strong>ita</strong></span> <span class='ocrx_word' id='word_1_263' title='bbox 1564 3777 1923 3863; x_wconf 78' lang='lat' dir='ltr'><strong>respondet:</strong></span> <span class='ocrx_word' id='word_1_264' title='bbox 1957 3780 2122 3854; x_wconf 75' lang='grc' dir='ltr'><em>δῆλον</em></span> <span class='ocrx_word' id='word_1_265' title='bbox 2155 3779 2241 3846; x_wconf 73' lang='grc' dir='ltr'><strong>ἔτι</strong></span> <span class='ocrx_word' id='word_1_266' title='bbox 2270 3783 2537 3862; x_wconf 74' lang='grc' dir='ltr'><em>φήσομεν</em></span> <span class='ocrx_word' id='word_1_267' title='bbox 2574 3784 2657 3847; x_wconf 73' lang='grc' dir='ltr'><strong>τὰ</strong></span> <span class='ocrx_word' id='word_1_268' title='bbox 2686 3786 2749 3846; x_wconf 84' lang='grc' dir='ltr'><strong>τ’</strong></span> 
     </span>
     <span class='ocr_line' id='line_1_30' title="bbox 729 3895 2743 3980; baseline 0.001 -18"><span class='ocrx_word' id='word_1_269' title='bbox 729 3902 788 3964; x_wconf 82' lang='grc' dir='ltr'><strong>ἐν</strong></span> <span class='ocrx_word' id='word_1_270' title='bbox 847 3906 964 3970; x_wconf 82' lang='grc' dir='ltr'><em>τοῖς</em></span> <span class='ocrx_word' id='word_1_271' title='bbox 1025 3896 1190 3962; x_wconf 76' lang='grc' dir='ltr'><em>ὕδασι</em></span> <span class='ocrx_word' id='word_1_272' title='bbox 1236 3897 1334 3961; x_wconf 74' lang='grc' dir='ltr'><strong>καὶ</strong></span> <span class='ocrx_word' id='word_1_273' title='bbox 1381 3897 1723 3977; x_wconf 81' lang='grc' dir='ltr'><em>κατόπτροις</em></span> <span class='ocrx_word' id='word_1_274' title='bbox 1770 3895 2022 3974; x_wconf 79' lang='grc' dir='ltr'><em>εἴδωλα,</em></span> <span class='ocrx_word' id='word_1_275' title='bbox 2072 3899 2155 3964; x_wconf 83' lang='grc' dir='ltr'><strong>ἔτι</strong></span> <span class='ocrx_word' id='word_1_276' title='bbox 2200 3899 2300 3963; x_wconf 79' lang='grc' dir='ltr'><strong>καὶ</strong></span> <span class='ocrx_word' id='word_1_277' title='bbox 2347 3901 2428 3965; x_wconf 77' lang='grc' dir='ltr'><strong>τά</strong></span> <span class='ocrx_word' id='word_1_278' title='bbox 2467 3923 2743 3980; x_wconf 87' lang='grc' dir='ltr'><em>γεγραμ-</em></span> 
     </span>
    </p>
   </div>
   <div class='ocr_carea' id='block_1_3' title="bbox 727 4009 2745 4093">
    <p class='ocr_par' dir='ltr' id='par_1_4' title="bbox 727 4009 2745 4093">
     <span class='ocr_line' id='line_1_31' title="bbox 727 4009 2745 4093; baseline 0.002 -15"><span class='ocrx_word' id='word_1_279' title='bbox 727 4016 879 4093; x_wconf 75' lang='grc' dir='ltr'><em>μένα</em></span> <span class='ocrx_word' id='word_1_280' title='bbox 923 4015 1022 4079; x_wconf 79' lang='grc' dir='ltr'><strong>καὶ</strong></span> <span class='ocrx_word' id='word_1_281' title='bbox 1069 4016 1149 4079; x_wconf 77' lang='grc' dir='ltr'><strong>τά</strong></span> <span class='ocrx_word' id='word_1_282' title='bbox 1196 4015 1581 4091; x_wconf 82' lang='grc' dir='ltr'><em>τετυπωμένα</em></span> <span class='ocrx_word' id='word_1_283' title='bbox 1627 4015 1723 4078; x_wconf 77' lang='grc' dir='ltr'><strong>καὶ</strong></span> <span class='ocrx_word' id='word_1_284' title='bbox 1772 4009 1979 4080; x_wconf 78' lang='grc' dir='ltr'><em>τάλλα</em></span> <span class='ocrx_word' id='word_1_285' title='bbox 2022 4014 2132 4081; x_wconf 72' lang='grc' dir='ltr'><strong>ὅσα</strong></span> <span class='ocrx_word' id='word_1_286' title='bbox 2174 4042 2283 4083; x_wconf 76' lang='grc' dir='ltr'><strong>που</strong></span> <span class='ocrx_word' id='word_1_287' title='bbox 2322 4022 2545 4083; x_wconf 71' lang='grc' dir='ltr'><em>τοιαῦτ’</em></span> <span class='ocrx_word' id='word_1_288' title='bbox 2586 4019 2745 4084; x_wconf 79' lang='grc' dir='ltr'><strong>ἐστὶν</strong></span> 
     </span>
    </p>
   </div>
  </div>
 </body>
</html>
