3025 5067
1629 386 1752 448 178

675 594 952 657 metriam
1013 592 1272 656 Athenis
1328 593 1416 656 ita
1460 592 1799 676 neglectam
1843 592 2033 656 fuisse
2089 598 2160 655 ut
2206 599 2526 676 propterea
2572 588 2690 673 Gy-

674 735 856 778 renen
919 712 1177 796 migrare
1235 734 1478 776 necesse
1520 718 1677 777 esset
1692 739 1711 790 3
1766 713 1897 797 ipse
1951 711 2307 775 Theodorus
2362 717 2691 793 antequam

671 803 822 895 illuc
888 831 1237 895 habitatum
1301 832 1517 909 cessit,
1583 832 1843 896 Athenis
1904 831 2060 895 hanc
2123 837 2311 894 artem
2371 828 2696 894 tradidisse

670 949 1042 1034 perhibetur.
1120 949 1264 1013 Vid.
1313 949 1629 1013 Hermann
1676 972 1734 1034 p.
1791 951 1951 1026 110,
2000 956 2128 1012 not.
2169 951 2316 1012 101.

758 1185 1052 1249 Itinera
1096 1186 1168 1250 in
1215 1185 1535 1250 Italiam.
1598 1185 1947 1250 Secundum
1988 1185 2327 1270 Epistolam
2353 1185 2529 1248 Plato
2563 1184 2687 1270 pri-

667 1326 836 1367 mum
871 1304 1174 1388 profectus
1223 1312 1312 1368 est
1355 1305 1419 1367 in
1467 1303 1711 1369 Italiam
1726 1355 1747 1382 ,
1780 1327 1901 1389 quo
1934 1311 2205 1389 tempore
2230 1304 2461 1388 patriae
2485 1325 2687 1367 mores

668 1432 979 1508 pertaesus
1041 1422 1558 1507 quadragenarius
1606 1423 1878 1488 Athenas
1924 1422 2177 1508 reliquit
2190 1450 2209 1501 3
2259 1422 2403 1487 hinc
2448 1422 2693 1507 trajecit

666 1541 732 1603 in
761 1539 1026 1605 Siciliam
1074 1541 1212 1626 (Ep.
1246 1540 1406 1618 VH,
1439 1565 1499 1626 p.
1550 1543 1677 1604 326
1713 1541 1784 1604 B.
1815 1542 1861 1626 ¹)
1907 1541 2143 1605 Iterum
2173 1541 2238 1606 in
2269 1539 2513 1604 Italiam
2548 1561 2691 1602 con-

669 1658 899 1736 tendit,
933 1681 1125 1743 quum
1149 1659 1224 1722 ab
1249 1659 1438 1723 altera
1463 1659 1835 1744 profectione
1851 1659 1916 1722 in
1934 1659 2203 1723 Siciliam
2222 1659 2470 1722 domum
2493 1681 2691 1722 rever-

665 1783 926 1855 teretur,
968 1799 1089 1862 qua
1134 1779 1448 1842 occasione
1493 1777 1828 1841 Tarentum
1873 1777 2189 1842 divertisse
2234 1777 2442 1861 ibique
2482 1777 2688 1840 amici-

665 1898 814 1960 tiam
863 1897 1138 1981 junxisse
1186 1897 1411 1960 dicitur
1456 1920 1596 1961 cum
1643 1897 1914 1982 Archyta
1960 1895 2217 1981 aliisque
2264 1895 2684 1981 Pythagoreis,

665 2015 824 2080 Ibid.
862 2039 922 2100 p.
978 2018 1105 2079 338
1154 2014 1238 2079 G:
1303 2018 1417 2094 ἐγὼ
1463 2017 1583 2094 γὰρ
1629 2018 1757 2095 πρὶν
1800 2016 2031 2082 ἀπιέναι
2075 2015 2267 2092 ξενίαν
2326 2016 2425 2082 καὶ
2472 2016 2684 2096 φιλίων

663 2135 926 2216 Ἀρχύτῃ
968 2135 1066 2200 καὶ
1105 2143 1222 2207 τοῖς
1267 2138 1326 2200 ἐν
1369 2134 1631 2214 Τάραντι
1670 2136 1765 2200 καὶ
1794 2135 2064 2215 Διονυσίῳ
2088 2136 2331 2210 ποιήσαις
2353 2135 2677 2200 (ἐπέπλεον.

607 2289 612 2296 ·
666 2251 824 2318 Cum
869 2252 965 2316 his
1012 2252 1191 2317 dictis
1222 2254 1661 2318 contendamus
1694 2277 1849 2338 quae
1882 2255 2066 2318 ceteri
2098 2254 2420 2338 scriptores
2453 2252 2529 2316 de
2560 2253 2678 2315 hoc

663 2371 880 2436 itinere
925 2379 1268 2436 narrarunt.

753 2489 989 2575 NePOS,
1038 2491 1222 2559 Dion,
1270 2512 1321 2556 c.
1373 2493 1441 2567 2,
1491 2491 1703 2555 scribit
1733 2490 2051 2555 Platonem
2080 2492 2147 2555 in
2178 2489 2421 2554 Italiam
2452 2490 2683 2574 profec-

663 2615 796 2672 tum
841 2609 1174 2674 Tarentum
1218 2610 1487 2689 venisse,
1537 2611 1679 2675 inde
1727 2612 2082 2674 arcessitum
2129 2634 2165 2674 a
2195 2609 2395 2674 Dione
2427 2609 2681 2694 Syracu-

663 2750 758 2791 sas
819 2729 1148 2792 transiisse.
1242 2728 1451 2794 Gicero
1516 2751 1760 2814 quoque
1819 2730 1971 2794 locis
2034 2752 2221 2815 supra
2279 2728 2546 2794 laudatis
2594 2730 2678 2812 (p.

667 2847 817 2930 167)
865 2845 1192 2910 adventum
1238 2847 1304 2910 in
1349 2846 1593 2912 Italiam
1642 2856 1702 2912 et
1744 2849 1807 2912 in
1846 2848 2113 2912 Siciliam
2160 2821 2480 2932 conjungit
2511 2853 2570 2910 et
2594 2846 2683 2909 di-

661 2973 820 3030 serte
864 2973 1126 3030 testatur
1172 2989 1310 3030 eum
1357 2967 1692 3031 Tarentum
1738 2969 1973 3032 venisse
2018 2974 2138 3045 „ut
2173 2966 2555 3052 Pythagorae
2588 2966 2681 3028 in-

661 3090 842 3148 venta
901 3084 1304 3168 perdisceret,
1369 3108 1631 3170 eumque
1693 3092 1753 3150 et
1816 3109 1956 3150 cum
2018 3085 2288 3169 Archyta
2346 3083 2677 3148 Tarentino

662 3208 723 3265 et
784 3224 924 3266 cum
977 3201 1224 3267 Timaeo
1291 3202 1488 3267 Locro
1551 3204 1819 3268 multum
1865 3204 2054 3268 fuisse
2101 3211 2162 3267 et
2206 3202 2471 3266 Philolai
2518 3223 2678 3266 com·

659 3321 986 3384 mentarios
1033 3344 1162 3385 esse
1208 3329 1457 3386 nactum
1471 3347 1491 3400 ς,
1542 3344 1856 3407 quumque
1895 3344 1963 3386 eo
2002 3329 2272 3407 tempore
2301 3322 2369 3384 in
2399 3321 2495 3384 his
2526 3321 2677 3384 locis

659 3436 1040 3522 Pythagorae
1086 3461 1308 3504 nomen
1358 3441 1618 3525 vigeret,
1666 3440 1841 3504 illum
1888 3463 1953 3504 se
1983 3447 2045 3504 et
2074 3439 2425 3503 hominibus
2456 3439 2677 3524 Pytha-

658 3556 854 3639 goreis
917 3564 976 3620 et
1037 3557 1259 3621 studiis
1320 3558 1445 3622 illis
1505 3558 1805 3623 dedisse.'’
1927 3556 2277 3622 Secundum
2339 3557 2672 3642 Apuleium

657 3676 866 3759 (supra
911 3697 971 3759 p.
1026 3677 1174 3758 165)
1219 3675 1314 3740 bis
1361 3676 1669 3761 profectus
1718 3671 1811 3740 est
1854 3677 1920 3740 in
1967 3675 2209 3740 Italiam
2256 3682 2329 3739 ut
2371 3675 2674 3760 Pythago-

721 3972 770 4033 1)
807 3972 967 4022 Etiam
1011 3973 1298 4024 Plutarchus
1340 3975 1457 4024 dicit
1506 3977 1755 4026 Platonem
1792 3982 1853 4037 ἐξ
1901 3977 1931 4028 ’1
1944 4000 1973 4031 τ
1986 3981 2083 4030 αλ(
2094 4000 2161 4035 ας
2194 3983 2258 4034 εἰς
2293 3973 2571 4045 &perideone
2594 3994 2669 4026 ve·

652 4066 800 4126 niase3
834 4068 916 4118 sed
950 4068 1088 4118 huius
1121 4069 1384 4119 testimonii
1418 4071 1543 4121 ratio
1576 4072 1791 4122 habenda
1824 4091 1917 4121 non
1954 4079 2051 4131 est,
2086 4072 2199 4137 quia
2231 4078 2471 4122 auctorem
2507 4071 2665 4136 sequi-

651 4166 734 4212 tm·
767 4163 1047 4228 Epistulam.
1115 4165 1224 4215 vid.
1260 4165 1362 4214 vit.
1397 4166 1543 4216 Dion.
1579 4183 1635 4239 c..
1656 4171 1703 4217 4.
