3025 5067
1616 374 1693 435 10

644 605 712 644 ac
752 662 756 667 .
766 582 981 667 judicii
1041 581 1220 645 laude
1281 582 1506 659 clarOS,
1581 580 1731 644 tales
1803 580 2152 665 praesertim
2169 630 2186 657 ,
2260 602 2412 663 quos
2481 578 2662 642 bene-

642 700 811 763 volos
875 701 1079 786 potius
1142 698 1378 785 judices
1427 722 1612 782 quam
1659 698 2030 762 adversarios
2076 698 2228 762 mihi
2275 704 2438 782 opto.
2536 696 2658 759 Res

644 827 847 883 tamen
909 818 1183 903 postulat
1242 825 1314 881 ut
1360 818 1526 902 quod
1574 818 1769 882 sentio
1816 818 2033 881 dicam.
2128 818 2287 881 Mihi
2332 817 2660 901 diligenter

644 939 998 1003 examinatis
1048 938 1144 1001 his
1190 937 1463 1022 epistolis
1510 944 1571 1000 et
1616 936 1925 1022 perpensis
1970 960 2127 1020 quae
2154 938 2299 1013 Ast,
2334 935 2655 1012 Salomon,

647 1056 981 1141 Wiegand,
1064 1055 1377 1119 Hermann
1392 1105 1412 1132 ,
1461 1054 1645 1118 ceteri
1697 1048 2252 1118 animadverterunt
2283 1056 2362 1138 ¹),
2423 1053 2657 1137 liquere

645 1176 843 1239 visum
889 1184 980 1239 est
995 1225 1014 1253 ,
1065 1197 1162 1239 eas
1208 1197 1416 1237 omnes
1464 1180 1527 1238 et
1572 1181 1930 1258 argumento
1976 1181 2039 1237 et
2079 1173 2351 1237 oratione
2381 1174 2469 1236 ita
2498 1194 2659 1235 com-

644 1304 884 1379 paratas
931 1316 1087 1371 esse,
1141 1300 1215 1356 ut
1244 1316 1356 1357 nec
1379 1292 1697 1356 Platonem
1734 1315 1847 1356 nec
1878 1291 2287 1376 Speusippum
2319 1314 2431 1356 nec
2462 1314 2660 1355 unum

647 1436 679 1477 e
733 1412 1131 1477 familiaribus
1194 1411 1468 1475 Platonis
1516 1421 1827 1475 auctorem
1872 1412 2168 1489 referant,
2228 1411 2333 1474 sed
2392 1410 2660 1494 aliquem

649 1531 744 1594 vel
790 1530 996 1616 potius
1043 1530 1279 1614 aliquos
1325 1553 1398 1593 ex
1442 1530 1823 1594 imitatorum
1854 1552 2035 1615 grege
2051 1580 2069 1607 ‚
2106 1531 2214 1613 qui
2246 1537 2493 1594 centum
2523 1529 2660 1613 plu-

647 1649 888 1713 ribusve
935 1650 1108 1713 annis
1155 1656 1294 1733 post
1338 1630 1633 1712 vixerint:
1682 1648 1954 1712 homines
2001 1648 2463 1731 φιλοπλάτωνας
2480 1698 2498 1725 ,
2548 1646 2659 1729 qui

645 1768 906 1833 lectione
953 1770 1082 1851 ejus
1113 1768 1367 1845 imbuti,
1413 1767 1480 1831 in'
1510 1768 1765 1831 historia
1794 1767 2031 1831 modice
2064 1768 2317 1844 versati,
2366 1767 2431 1829 in
2462 1765 2661 1851 philo-

647 1887 864 1971 sophia
917 1908 1167 1971 parum,
1232 1909 1265 1950 e
1325 1884 1599 1949 Platonis
1662 1886 1898 1950 scriniis
1945 1872 2092 1949 haec
2138 1885 2467 1970 specimina
2520 1907 2661 1949 con-

647 2004 1043 2069 cinnaverint.
1136 2003 1392 2068 Illarum
1451 2011 1655 2067 autem
1715 2010 1788 2067 ut
1848 2004 2140 2088 optimam
2184 2004 2273 2067 ita
2316 2004 2663 2087 antiquissi-

647 2146 809 2187 mam
872 2146 1002 2187 esse
1062 2122 1398 2207 Epistolam
1460 2120 1625 2200 VII,
1689 2145 1762 2187 ex
1823 2122 1935 2186 hac
1987 2131 2215 2187 ceteras
2260 2122 2577 2207 plerasque
2624 2145 2661 2185 a

649 2242 977 2307 serioribus
1025 2264 1154 2306 esse
1199 2265 1505 2327 procusaS.

738 2360 984 2442 Quibus
1040 2361 1412 2445 argumentis
1459 2360 1609 2425 haec
1652 2354 1787 2425 mea
1832 2360 2039 2445 opinio
2083 2362 2351 2439 nitatur,
2400 2383 2659 2446 sequens

649 2480 984 2565 disputatio
1033 2478 1375 2564 explicabit.

714 2753 761 2813 l)
796 2752 865 2799 Ex
901 2751 974 2800 his
1010 2752 1101 2799 Ast
1133 2766 1294 2799 omnes
1328 2752 1566 2817 Epistolas
1600 2752 1766 2801 ordine
1800 2756 1850 2801 et
1874 2752 2099 2815 carptim,
2136 2749 2359 2801 Salomon
2383 2752 2493 2800 data
2515 2767 2658 2815 opera

650 2847 746 2895 VII
790 2851 838 2895 et
880 2848 1030 2905 VIII,
1081 2846 1371 2896 Tiedemann
1417 2853 1466 2895 et
1498 2847 1729 2911 Wiegand
1763 2848 1840 2906 11,
1876 2848 2121 2896 Hermann
2156 2847 2281 2907 (libr.
2316 2847 2444 2896 laud.
2480 2864 2525 2911 p.
2562 2836 2658 2895 502

649 2946 773 2992 nott.
809 2942 932 3001 216,
970 2942 1084 3003 220)
1117 2942 1366 3006 praecipue
1401 2943 1527 2991 VIII
1564 2942 1616 2991 in
1650 2958 1843 2991 examen
1879 2946 2126 2991 vocarunt.
