3025 5067
1308 430 1384 493 67

326 632 514 698 alteri
559 634 832 699 eiusdem
879 635 1180 699 enuntiati
1227 634 1497 700 membro
1541 635 1757 701 ταύτὸν
1802 636 1867 711 δὴ
1913 637 2015 702 καὶ
2066 637 2231 703 πόλει
2258 659 2361 723 op·

324 753 588 839 ponitur
632 754 853 820 hocce:
902 755 1118 821 ταύτὸν
1169 756 1238 830 δὴ
1288 757 1386 821 καὶ
1434 756 1561 836 περὶ
1607 757 1830 829 πόλεως
1876 758 2074 824 αὑτοῦ.
2166 757 2361 822 Totus

324 878 538 937 autem
583 873 754 937 locus
801 880 976 938 tanta
1017 874 1254 939 laborat
1302 875 1626 940 verborum
1673 876 2023 961 prolixitate
2039 926 2057 953 ,
2105 883 2201 940 tot
2240 898 2361 940 am-

324 990 592 1076 bagibus
655 1000 717 1057 et
775 990 1064 1057 inanibus
1121 992 1554 1058 additamentis
1568 1043 1587 1073 ‚
1652 1002 1725 1059 ut
1780 994 2005 1080 legenti
2051 1014 2176 1059 non
2221 1014 2360 1079 pos-

327 1110 460 1173 sint
503 1132 630 1175 non
672 1110 945 1175 taedium
977 1113 1191 1176 facere.
1269 1112 1815 1177 Animadvertatur
1841 1112 2025 1177 modo
2057 1113 2123 1176 in
2154 1112 2354 1197 priore

325 1228 456 1293 loci
484 1237 657 1313 parte
687 1228 906 1316 septies
937 1230 1060 1316 legi
1089 1228 1504 1309 ξυμβουλεύειν
1538 1239 1599 1295 et
1628 1230 2147 1310 ξυμβουλεύεσθαι,
2174 1230 2356 1295 variis

329 1347 534 1411 modis
581 1355 642 1412 et
687 1348 914 1413 formis.

423 1464 708 1531 Ceterum
738 1466 817 1530 ·in
864 1466 980 1531 hoc
1026 1487 1271 1551 qnoque
1315 1467 1450 1532 loco
1496 1466 1661 1532 clara
1706 1474 1945 1532 exstant
1991 1468 2348 1532 Platonicae

323 1584 693 1649 imitationis
749 1585 1018 1670 vestigia.
1068 1584 1324 1651 Initium
1340 1635 1360 1664 ,
1409 1587 1536 1667 περὶ
1582 1584 1905 1667 χρημάτων
1956 1589 2123 1663 κτήσ.
2160 1587 2193 1662 ἢ
2227 1587 2352 1667 περὶ

325 1703 604 1779 σώματος
657 1703 690 1777 ἢ
735 1710 940 1783 ψυχῆς
987 1706 1356 1783 ἐπιμελείας,
1401 1704 1466 1768 in
1524 1705 1877 1769 memoriam
1925 1712 2166 1769 revocat
2196 1727 2353 1790 quae

323 1821 625 1905 leguntur
669 1821 746 1885 de
790 1820 980 1907 Legg.
1028 1820 1161 1900 III,
1211 1824 1338 1887 697
1388 1821 1480 1900 D,
1530 1822 1641 1887 ubi
1686 1822 1836 1886 dicit
1890 1822 2124 1887 civibus
2170 1832 2231 1887 et
2270 1822 2350 1887 le-

327 1940 606 2025 gislatori
670 1940 868 2026 primo
928 1940 1062 2004 loco
1122 1938 1405 2026 ponenda
1467 1960 1597 2005 esse
1655 1942 1738 2006 τὰ
1800 1941 1924 2023 περὶ
1988 1944 2092 2016 τὴν
2144 1943 2351 2022 ψυχὴν

325 2060 570 2137 ἀγαθοὶ,
597 2108 613 2125 .
643 2108 656 2123 .
686 2107 700 2122 .
751 2059 988 2140 δεύτερα
1033 2060 1092 2123 δὲ
1135 2060 1216 2125 τὰ
1261 2059 1388 2139 περὶ
1436 2059 1502 2123 τὸ
1548 2065 1723 2137 σῶμα
1763 2062 1927 2125 καλὰ
1950 2060 2222 2137 κάγαθοὶ,
2257 2060 2355 2123 καὶ

325 2178 503 2258 τρια-οὶ
544 2178 628 2243 τοὶ
673 2178 798 2256 περὶ
846 2180 949 2253 τὴν
993 2179 1188 2244 οὐσίαν
1233 2180 1331 2243 καὶ
1378 2180 1685 2261 χρήματα
1728 2179 2047 2259 λεγόμενα.
2118 2178 2356 2243 Deinde

327 2294 549 2359 verba:
599 2295 954 2370 αὐτόκλητος
980 2345 995 2360 .
1024 2345 1040 2360 .
1068 2345 1083 2359 .
1131 2299 1230 2361 οὐκ
1275 2296 1528 2377 ἔρχομαι
1558 2296 2045 2376 ξυμβουλεύσων,
2077 2295 2361 2376 βιασόμε-

325 2436 422 2485 νος
483 2412 540 2477 δὲ
591 2414 704 2479 οὐδ’
755 2413 830 2479 ἂν
883 2414 995 2487 υἱὸς
1042 2413 1076 2497 ᾖ
1121 2436 1232 2493 μου
1247 2464 1264 2492 ,
1313 2414 1492 2496 δούλῳ
1554 2416 1611 2481 δὲ
1653 2464 1667 2479 .
1698 2466 1713 2480 .
1744 2465 1758 2479 .
1789 2465 1803 2479 .
1871 2414 2349 2496 προσβιαζοίμην,
2416 2448 2423 2453 ·

329 2533 566 2612 πατέρα
625 2533 674 2597 δ’
713 2534 746 2609 ἢ
807 2534 1030 2614 μητέρα
1091 2506 1224 2615 οὐχι
1259 2532 1402 2600 ὅσιον
1451 2537 1709 2614 ἡγοῦμαι
1758 2533 2208 2617 προσβιάζεσθαι
2227 2584 2247 2613 ,
2297 2542 2357 2598 et

328 2650 651 2737 deinceps:
699 2650 842 2730 βίαν
878 2652 936 2715 δὲ
973 2652 1204 2733 πατρίδι
1229 2702 1244 2716 .
1275 2701 1289 2716 .
1319 2700 1334 2717 .
1387 2654 1470 2727 μὴ
1511 2654 1847 2735 προσφέρειν
1863 2703 1880 2731 ,
1932 2675 2003 2717 ea
2032 2660 2249 2738 sponte
2288 2652 2355 2715 in

329 2776 597 2833 mentem
666 2770 844 2835 nobis
911 2776 1198 2835 revocant
1255 2770 1562 2835 illustrem
1618 2772 1824 2836 locum
1871 2770 2103 2835 Criton.
2154 2793 2214 2855 p.
2268 2771 2348 2834 51

329 2886 383 2952 C
399 2938 419 2967 ,
468 2889 576 2953 ubi
620 2889 940 2973 loquentes
985 2889 1366 2954 inducuntur
1408 2891 1456 2955 οἱ
1502 2890 1724 2969 Νόμοι,
1782 2890 1890 2975 qui
1936 2889 2192 2968 docent,
2234 2889 2355 2953 sin-

327 3008 533 3093 gulari
575 3009 694 3072 civi
753 3009 985 3094 patriae
1030 3010 1144 3074 sub
1191 3009 1431 3094 legibus
1477 3017 1624 3073 nato
1674 3018 1735 3073 et
1781 3010 2039 3074 educato
2088 3032 2211 3073 non
2260 3032 2351 3073 ae-

327 3127 514 3213 quale
552 3128 656 3214 jns
703 3150 830 3193 esse
874 3150 1016 3192 cum
1062 3130 1258 3215 patria
1274 3179 1291 3207 ,
1343 3151 1469 3194 non
1513 3130 1709 3214 magis
1758 3152 1942 3213 quam
1973 3152 2113 3194 cum
2147 3152 2355 3214 paren·

327 3246 498 3311 tibus
559 3254 668 3311 aut
729 3268 870 3312 cum
930 3248 1212 3326 domin03
1277 3270 1461 3333 quare
1526 3249 1579 3312 si
1644 3249 1844 3334 patria
1907 3248 2139 3333 aliquid
2180 3247 2357 3334 jubet

331 3364 498 3448 quod
567 3364 849 3449 iniquum
917 3366 1062 3431 tibi.
1095 3366 1404 3445 videatur,
1469 3367 1685 3446 licere,
1750 3368 1803 3430 si
1847 3366 2077 3452 possis»,
2145 3365 2354 3430 πείθειν

328 3485 512 3559 αὐτὴν
581 3481 619 3565 ᾗ
676 3486 742 3549 τὸ
802 3484 1012 3551 δικαῖον
1071 3486 1338 3570 πέφυκε,
1419 3495 1482 3549 at
1547 3508 1672 3550 non
1732 3485 1915 3549 licere
1979 3486 2109 3549 eius
2165 3484 2355 3569 jussis
2395 3534 2411 3545 ,

328 3601 623 3665 obsistere
639 3628 657 3679 ;
705 3601 828 3667 vim
883 3624 1023 3666 vero
1070 3604 1289 3667 inferre
1336 3605 1572 3689 patriae
1590 3654 1608 3681 ,
1658 3603 1721 3667 id
1766 3603 1948 3689 plane
1995 3602 2163 3666 nefas
2190 3625 2352 3665 esse:
2410 3618 2413 3622 ’

325 3719 632 3801 βιάζεσθαι
685 3720 733 3784 δ’
757 3723 872 3801 οὐχ
930 3719 1076 3786 ὅσιον
1133 3722 1267 3787 οὔτε
1324 3723 1551 3802 μητέρα
1604 3723 1736 3788 οὔτε
1782 3722 2012 3803 πατέρα
2031 3772 2047 3795 ,
2099 3723 2248 3786 πολὺ
2294 3720 2353 3786 δὲ

322 3838 540 3903 τούτων
583 3838 670 3903 ἔτι
716 3836 886 3915 ἦττον
929 3841 1034 3914 τὴν
1081 3841 1354 3922 πατρίδα.
1421 3840 1599 3921 Quae
1636 3841 1738 3904 hic
1774 3840 1851 3904 de
1875 3838 2350 3924 obtemperando

327 3957 562 4041 patriae
623 3979 816 4042 aeque
871 3981 939 4022 ac
985 3968 1307 4044 parentum
1347 3961 1535 4045 jussis
1583 3960 1877 4025 dicuntur
1894 4009 1910 4036 ‚
1975 3960 2039 4022 in
2094 3958 2352 4043 epistola

203 4069 218 4081 ’
323 4076 780 4142 transferuntur
833 4078 910 4141 ad
956 4079 1213 4143 consilia
1257 4080 1490 4164 patriae
1538 4080 1634 4143 vel
1680 4078 2035 4165 parentibus
2084 4076 2302 4140 danda.

419 4193 550 4259 Iam
597 4217 1035 4281 persequamur
1082 4199 1513 4282 cogitationem
1562 4197 1869 4273 ordinem,
1918 4195 2025 4279 qui
2058 4195 2232 4259 valde
2264 4197 2351 4259 in-

2042 4313 2131 4369 5*
