3025 5067
1302 434 1428 493 219

354 639 500 715 deS,
551 638 747 701 media
794 638 1012 701 horum
1060 638 1293 700 faciunt
1324 640 1614 714 μίγματα
1649 660 1720 700 ex
1752 637 2046 701 ambobus
2077 637 2199 699 illis
2231 659 2372 700 con-

354 757 503 819 flata
520 783 536 832 3
598 755 869 826 ὢσαύτως
932 756 989 818 δὲ
1007 807 1024 830 ,
1074 754 1277 832 addit,
1326 756 1423 819 καὶ
1484 756 1530 820 οἱ
1585 756 1717 835 τριά
1761 755 2068 833 λέγοντες,
2111 755 2370 833 καθάπερ

356 876 611 941 Πλάτων
658 878 713 939 ἐν
759 882 924 946 ταῖς
970 874 1435 954 διαιρέσεσιν·
1484 876 1552 939 τὸ
1597 876 1714 954 γαρ
1759 876 1933 951 μέσον
1970 875 2180 951 μίγμα
2202 880 2367 939 ποιεῖ.

358 992 671 1071 Quorsum
721 1000 998 1077 spectant
1045 993 1157 1057 hae
1204 992 1540 1073 διαιρέσειςῖ
1631 993 1816 1074 Quod
1863 993 1963 1057 hic
2005 998 2374 1056 memoratur

359 1112 571 1188 μίγμα
618 1111 877 1195 quadrat
916 1111 1096 1195 plane
1128 1134 1266 1175 cum
1299 1111 1373 1173 iis
1406 1133 1562 1194 quae
1594 1110 1660 1174 in
1689 1110 1936 1173 Timaeo
1969 1115 2050 1195 (p.
2089 1112 2372 1193 50—52)

360 1228 435 1292 dc
496 1229 712 1293 mundi
766 1229 1081 1293 elementis
1142 1230 1367 1314 scripta
1414 1238 1592 1305 sunt,
1650 1227 1758 1291 ubi
1803 1228 1950 1291 hacc
1997 1229 2114 1291 tria
2163 1228 2374 1291 distin-

360 1358 664 1432 guuntur:
699 1348 897 1425 ideae,
923 1372 1017 1411 res
1052 1348 1480 1433 aspectabileS‚
1517 1357 1577 1411 et
1601 1351 1633 1423 ἡ
1658 1347 1890 1425 μεταξὺ
1920 1350 2133 1413 τούτων
2163 1348 2368 1427 φύσις,

360 1467 420 1530 h.
464 1490 513 1530 e.
562 1468 841 1549 materies
872 1468 1072 1532 media
1102 1469 1262 1531 inter
1293 1468 1469 1531 ambo
1502 1466 1611 1530 illa
1641 1476 1702 1530 et
1735 1467 2050 1531 amborum
2082 1488 2330 1531 consors
2351 1515 2370 1543 ,

361 1608 542 1670 quam
607 1587 965 1650 Aristoteles
1016 1609 1123 1671 pro
1172 1609 1283 1650 suo
1328 1587 1624 1671 loquendi
1668 1609 1788 1651 usu
1835 1598 1973 1671 apte
2019 1587 2228 1664 μίγμα
2275 1607 2374 1669 ap-

360 1706 587 1791 pellare
646 1708 869 1791 potuit.
962 1704 1059 1769 Ex
1116 1707 1263 1791 ipsis
1320 1716 1525 1771 tamen
1587 1707 1785 1771 verbis
1829 1708 2082 1771 Πλάτων
2139 1709 2194 1771 ἕν
2237 1712 2372 1775 ταῖς

360 1822 687 1904 διαιρέσεσιν
756 1832 1031 1909 apertum
1098 1834 1191 1889 est
1262 1826 1652 1890 Aristotelem
1722 1832 1952 1889 certum
2009 1825 2232 1888 librum
2279 1824 2374 1887 vel

360 1944 862 2007 commentarium
924 1944 1001 2007 ob
1064 1944 1272 2007 oculos
1335 1945 1556 2009 habere
1574 1995 1592 2022 ,
1658 1945 1766 2028 qui
1811 1944 2084 2007 Platonis
2133 1941 2376 2006 nomine

358 2064 657 2125 ferretur.‘
730 2062 873 2142 Quo
920 2070 1120 2126 autem
1169 2064 1267 2127 hic
1314 2063 1535 2127 titulus
1585 2072 1850 2149 spectet,
1885 2063 2243 2145 interpretes
2281 2082 2377 2122 ve·

358 2190 515 2245 teres
580 2202 769 2264 aeque
828 2204 897 2244 ac
958 2182 1322 2245 recentiores
1370 2181 1676 2247 dubitant.

451 2297 795 2363 Alexander
856 2300 1262 2383 Aphrodisius
1323 2302 1674 2365 testimonio
1737 2301 1984 2365 Ioannis
2049 2298 2376 2382 Philoponi

362 2418 439 2480 ad
469 2418 530 2481 h.
557 2418 597 2481 1.
633 2421 677 2501 ἰ)
716 2417 1077 2495 declaravit,
1125 2421 1253 2490 τὰς’
1282 2421 1606 2500 φερομένας
1653 2421 1962 2490 Πλάτωνος
2002 2418 2373 2495 διαιρέσεις

362 2536 672 2602 νοθεύεσθαι
691 2587 708 2619 ,
772 2538 1149 2623 conjecitque
1214 2539 1560 2603 Aristotelis
1624 2540 1805 2603 verba
1863 2539 1937 2603 ad
1995 2560 2064 2601 ea
2109 2559 2266 2622 quae
2311 2536 2374 2599 in

362 2654 657 2739 Sophista
678 2640 968 2741 leguntur
1000 2663 1291 2740 spectare.
1342 2656 1572 2743 Contra
1603 2680 1756 2741 quae
1781 2657 2162 2742 Philoponus
2195 2654 2376 2718 dicit:

362 2774 543 2839 ἰστέον
590 2775 635 2838 δ’
662 2773 744 2839 ὅτι
792 2782 1008 2855 πρῶτον
1069 2777 1176 2852 μὲν
1220 2778 1589 2858 διαιρέσεις
1637 2779 1947 2847 Πλάτωνος
1995 2774 2135 2846 ὅλως
2183 2779 2380 2851 ἐπιγε-

364 2894 701 2971 γραμμέναι
746 2898 809 2960 οὐ
854 2895 1153 2976 Φέρονται,
1218 2900 1274 2961 ἐν
1329 2897 1387 2960 δὲ
1445 2900 1528 2976 τῷ
1575 2905 1842 2978 Σοφιστῇ
1904 2897 2056 2961 οὐδὲν
2101 2897 2379 2976 φαίνεται

363 3020 607 3078 τοιοῦτον
638 3014 665 3079 ὃ
693 3015 947 3080 Πλάτων
977 3014 1163 3091 λέγων
1194 3010 1299 3079 οἷον
1328 3014 1544 3095 εἴρηται
1575 3017 1850 3079 ἐνταῦθαε
1901 3015 2200 3099 posterius
2234 3035 2376 3076 sane

366 3154 570 3197 verum
596 3132 641 3216 ²)
659 3158 677 3210 3
744 3132 1006 3217 denique
1082 3132 1288 3210 addit,
1352 3132 1727 3218 probabilius
1791 3134 1904 3198 sibi
1967 3132 2166 3219 videri⁴
2213 3132 2380 3216 quod

367 3250 710 3315 Alexander
755 3250 1041 3315 ultimum
1089 3253 1329 3336 posuit,
1378 3254 1625 3333 φάσκων
1672 3253 1797 3331 περὶ
1859 3259 1970 3316 τῶν
2029 3252 2382 3333 άγράφων

367 3369 748 3443 δογμάτων
816 3370 1009 3445 λέγειν
1068 3370 1163 3433 τὸν
1228 3372 1662 3449 Ἀριστοτέλην,
1711 3368 1860 3450 άπερ
1908 3371 2080 3441 αὐτὸς
2126 3373 2382 3459 'Apta-‘rof

364 3487 535 3559 τέλης
581 3490 1003 3568 άπεγράφετο,
1060 3488 1157 3553 καὶ
1204 3495 1405 3554 ταῦτα
1449 3496 1652 3554 καλεῖν
1699 3464 2098 3569 διαιρέσεις.
2193 3488 2381 3553 Note-

369 3627 503 3667 mus
552 3628 706 3689 quac
745 3605 841 3668 his
873 3606 1051 3669 dictis
1084 3606 1531 3671 contineantur.
1590 3607 1934 3670 Alexander
1973 3607 2378 3691 Aphrodisius

368 3724 681 3787 contendit
696 3774 714 3801 ,
779 3746 933 3807 quae
995 3746 1105 3787 sua
1174 3732 1371 3788 aetate
1440 3725 1614 3809 (vixit
1676 3732 1879 3789 autem
1941 3726 2191 3789 ineunte
2261 3749 2386 3789 sae-

441 3950 483 4011 1)
517 3952 587 4000 10.
621 3952 881 4017 Philoponi
916 3953 1073 4002 locum
1109 3954 1351 4018 integrum
1386 3953 1640 4017 descripsit
1673 3954 1892 4004 Brandis.
1927 3953 1961 4004 l.
2001 3953 2033 4002 l.
2073 3972 2118 4019 p.
2156 3956 2234 4005 12.

434 4046 481 4108 2)
519 4049 678 4112 Aeque
724 4052 851 4117 errat
896 4048 1383 4113 Trendelenburgius,
1428 4050 1555 4099 libro
1601 4050 1726 4099 laud.
1775 4067 1820 4115 p.
1859 4051 1950 4109 19,
1989 4067 2134 4115 quum
2174 4052 2220 4101 h.
2259 4055 2290 4103 l.
2326 4054 2385 4103 ab

368 4143 627 4193 Aristotele
675 4146 931 4209 significari
977 4150 1117 4210 putat
1156 4160 1275 4209 quae
1325 4145 1382 4193 (10
1416 4146 1566 4195 animi
1612 4151 1780 4196 natura
1823 4153 1872 4196 et
1922 4147 2171 4197 elementis
2222 4150 2382 4214 legun·

367 4243 449 4289 tur
481 4239 531 4287 in
568 4240 759 4291 Timaeo
793 4256 841 4307 p.
877 4243 961 4289 35:
996 4240 1063 4290 ibi
1096 4240 1221 4291 enim
1256 4257 1411 4290 sermo
1446 4246 1519 4293 est
1553 4243 1610 4291 de
1643 4242 1889 4293 clementis
1917 4244 2138 4294 universi.
