3025 5067
1269 416 1347 476 19

292 618 458 681 idem
519 627 760 703 tempus
821 622 1078 704 scriptae
1125 620 1464 705 fingantur,
1528 643 1745 705 nempe
1792 604 1931 705 post
1976 620 2307 683 discessum

289 736 569 800 Platonis
631 737 706 801 ab
767 737 956 802 altera
1003 739 1374 823 profectione
1430 738 1507 802 ad
1570 738 1935 823 Dionysium
1990 740 2303 803 minorem.

289 854 482 936 Quod
542 864 791 943 apparet
854 881 925 922 ex
986 881 1091 935 eo,
1155 858 1322 942 quod
1383 858 1561 922 initio
1623 858 1915 943 epistolae
1962 858 2190 922 mentio
2237 859 2309 920 fit

294 974 378 1037 de
437 997 766 1059 congressu
826 976 1100 1041 Platonis
1163 1000 1301 1041 cum
1365 976 1565 1040 Dione
1612 977 1864 1061 eiusque
1910 976 2311 1040 familiaribus

294 1093 463 1157 ludis
511 1093 814 1180 Olympiis
860 1096 1106 1175 habito,
1156 1118 1336 1180 quem
1368 1119 1763 1181 congressum
1793 1097 1997 1160 locum
2027 1095 2310 1160 habuisse

297 1222 442 1296 post
485 1213 751 1278 reditum
795 1214 1070 1279 Platonis
1119 1215 1192 1279 ab
1241 1215 1459 1279 ultimo
1490 1216 1705 1279 itinere
1740 1215 2004 1279 ostendit
2036 1214 2314 1300 Epistola

295 1328 462 1408 VII,
509 1355 570 1416 p.
605 1334 746 1395 350
797 1332 868 1396 B.
963 1332 1126 1418 Ergo
1174 1333 1384 1397 ambae
1430 1334 1545 1398 hae
1600 1334 1891 1418 epistolae
1925 1333 2314 1430 eodem‘tem-

295 1472 446 1533 pore
491 1452 749 1536 scriptae
795 1453 1148 1537 finguntur,
1211 1454 1326 1517 nisi
1383 1454 1657 1517 dicamus
1704 1453 2015 1537 Epistolae
2063 1432 2314 1517 Πῖηηο-

295 1576 492 1635 torem
539 1572 709 1655 gravi
751 1578 1092 1657 temporum
1121 1573 1462 1657 ignorantia
1495 1573 1739 1659 lapsum
1785 1595 1931 1637 esse.
2003 1572 2317 1636 Praeterea

299 1689 549 1753 initium
608 1690 722 1775 Ep.
770 1690 872 1754 II:
921 1688 1082 1763 οὗτος
1136 1692 1192 1757 δὲ
1239 1694 1264 1757 o‘
1308 1692 1482 1768 λόγος
1530 1692 1822 1769 σημαίνει,
1871 1689 1955 1757 ἔτι
2001 1694 2100 1756 οὐκ
2144 1692 2312 1773 ἄρχω

297 1815 414 1873 τῶν
437 1812 586 1887 ἐμῶν
617 1810 944 1886 ἐπιτηδείων
967 1812 1093 1895 (np.
1114 1811 1380 1895 Δίωνος),
1415 1834 1765 1896 expressum
1798 1819 1891 1875 est
1921 1833 1993 1874 ex
2023 1810 2138 1895 Ep.
2166 1809 2312 1887 VII,

300 1946 363 2009 p.
399 1929 522 1992 347
559 1927 612 1991 B
647 1926 730 2005 C,
765 1928 874 1992 ubi
904 1928 1082 1992 Plato
1119 1929 1414 2013 Dionysio
1439 1928 1624 2007 dicit,
1651 1929 2029 1993 conditiones
2048 1930 2316 2014 proposi-

296 2055 394 2109 tas
418 2046 494 2109 de
518 2048 836 2131 partienda
857 2044 1074 2111 Dionis
1097 2072 1160 2113 re
1185 2048 1468 2113 familiari
1499 2048 1617 2112 sibi
1648 2047 1903 2133 placere,
1938 2046 2090 2110 velle
2108 2055 2314 2111 tamen

299 2166 472 2250 prius
534 2166 796 2231 Dionem
858 2190 962 2252 per
1022 2168 1227 2231 literas
1287 2168 1559 2232 consuli:
1630 2166 1768 2244 ἀξιῶ
1832 2169 1946 2242 μὴν
1999 2169 2082 2244 μὴ
2138 2168 2315 2247 κύριον

300 2285 573 2361 ἡγεῖσθαί
615 2310 681 2349 σε
727 2286 935 2357 Δίωνος
981 2286 1104 2364 ἐμέ.
1177 2287 1313 2351 Hoc
1359 2286 1605 2370 quidem
1651 2285 1786 2349 loco
1814 2285 1881 2349 id
1913 2292 2052 2370 apte
2084 2285 2313 2348 dictum

301 2410 425 2479 est,
476 2402 584 2466 sed
623 2403 685 2466 in
721 2403 910 2467 altera
941 2404 1196 2487 epistola
1225 2404 1464 2489 inepte,
1499 2411 1573 2468 ut
1602 2403 1969 2467 imitatorem
2001 2425 2310 2487 agnoscas,

297 2521 461 2585 Item
523 2521 676 2585 alter
735 2522 906 2586 locus
963 2546 1022 2608 p.
1085 2524 1211 2586 310
1268 2522 1356 2601 E,
1418 2522 1525 2588 ubi
1588 2523 1662 2586 de
1707 2522 2004 2607 Dionysio
2052 2522 2309 2586 dicitur:
2366 2571 2371 2575 -

299 2642 533 2720 πέφυκε
578 2640 823 2717 ξυνιέναι
868 2644 948 2713 εἰς
995 2642 1178 2707 ταύτὸ
1221 2641 1489 2724 φρόνησίς
1535 2666 1602 2707 τε
1633 2642 1731 2706 καὶ
1765 2641 2008 2719 δύναμις
2040 2641 2314 2717 μεγάλη,

299 2758 538 2822 effictus
586 2768 677 2823 est
721 2782 792 2822 ex
841 2758 1001 2837 VII,
1052 2783 1111 2844 p.
1161 2762 1287 2823 335
1336 2760 1430 2838 D,
1478 2760 1586 2824 ubi
1625 2760 1786 2823 idem
1821 2760 1925 2823 ille
1958 2758 2185 2822 dicitur
2207 2784 2313 2835 με·

297 2878 512 2955 ylo-‘mv
550 2878 789 2957 δύναμιν
827 2879 1012 2958 ἔχων,
1049 2879 1106 2943 ἐν
1145 2876 1180 2961 ᾗ
1212 2880 1486 2957 γενομένη
1509 2879 1839 2962 φιλοσοφίαι
1861 2884 1930 2943 τε
1951 2878 2049 2942 καὶ
2075 2878 2313 2954 δύναμις

297 2994 470 3067 ὅντως
516 2996 574 3059 ἐν
619 2998 816 3077 ταύτῷ
844 3045 858 3059 .
888 3044 903 3059 .
933 3045 947 3059 .
993 2994 1333 3076 λάμψασαν
1381 2996 1444 3079 (l.
1491 2995 1777 3076 λαμψαο·’
1820 2997 1913 3080 ἂν)
1946 2995 2113 3071 δόξαν
2145 2996 2315 3075 παρέ-

297 3138 511 3189 στησεν
558 3116 678 3179 κτὲ.
772 3114 1004 3179 Verum
1067 3114 1233 3198 quod
1289 3114 1406 3179 hoc
1469 3115 1606 3179 loco
1654 3114 1803 3179 dicit
1850 3138 1912 3178 se
1958 3121 2200 3199 optare,
2249 3113 2315 3176 id

297 3232 366 3294 in
413 3232 602 3295 altero
649 3232 784 3296 loco
829 3233 1004 3316 quasi
1049 3255 1259 3297 verum
1307 3234 1513 3318 ponit,
1550 3232 1714 3318 quod
1746 3232 1927 3318 plane
1959 3254 2131 3295 secus
2166 3239 2311 3295 erat.

295 3349 519 3433 Itaque
582 3349 730 3414 haec
786 3351 1076 3436 epistola,
1136 3361 1205 3415 ut
1259 3351 1520 3415 conflata
1574 3360 1664 3414 est
1719 3350 1796 3414 ad
1851 3350 2313 3414 similitudinem

299 3467 482 3531 V11⁸0
497 3519 514 3546 ‚
579 3469 669 3532 ita
712 3469 1016 3533 rhetorem
1062 3469 1268 3554 prodit
1319 3476 1445 3533 tam
1500 3468 1802 3533 scribendi
1856 3468 2071 3552 peritia
2132 3490 2317 3551 quam

298 3610 504 3651 rerum
551 3588 808 3651 scientia
853 3589 1025 3652 alteri
1073 3588 1253 3673 longe
1300 3587 1811 3673 postponendum.

393 3705 623 3771 Peioris
669 3716 848 3770 notae
897 3714 1044 3770 sunt
1081 3705 1349 3791 reliquae
1383 3704 1541 3770 duae
1574 3705 1651 3769 ad
1682 3704 2050 3789 Dionysium
2082 3704 2317 3789 Episto-

295 3825 426 3901 lac,
489 3824 524 3887 I
585 3832 646 3887 et
699 3824 884 3888 XIII.
976 3825 1180 3888 Prima
1241 3826 1512 3890 continet
1552 3847 1750 3888 acrem
1794 3823 2315 3909 exprobrationem

293 3943 615 4027 Dionysio,
642 3942 809 4025 quod
839 3942 1157 4007 Platonem
1185 3944 1411 4027 optime
1443 3942 1517 4006 de
1542 3965 1604 4006 se
1628 3943 1915 4006 meritum
1938 3932 2311 4019 tam'dvlffiwc

296 4061 632 4125 dimisisset
647 4088 665 4138 3
707 4061 890 4124 simul
933 4062 1223 4125 viaticum
1269 4069 1587 4145 acceptum
1634 4061 1689 4125 ei
1735 4061 1995 4124 remittit
2029 4068 2089 4123 et
2120 4069 2316 4145 tyran-

297 4202 450 4243 num
497 4179 805 4243 desertum
855 4179 928 4243 ab
977 4180 1181 4243 amicis
1228 4180 1425 4243 valere
1463 4180 1661 4264 jubet.
1747 4178 1985 4243 Mentio
2032 4179 2235 4242 viatici
2284 4204 2317 4241 a

1993 4296 2081 4353 2*
