<?xml version="1.0" encoding="UTF-8"?>
<!DOCTYPE html PUBLIC "-//W3C//DTD XHTML 1.0 Transitional//EN"
    "http://www.w3.org/TR/xhtml1/DTD/xhtml1-transitional.dtd">
<html xmlns="http://www.w3.org/1999/xhtml" xml:lang="en" lang="en">
 <head>
  <title>
</title>
<meta http-equiv="Content-Type" content="text/html;charset=utf-8" />
  <meta name='ocr-system' content='tesseract 3.04.00' />
  <meta name='ocr-capabilities' content='ocr_page ocr_carea ocr_par ocr_line ocrx_word'/>
</head>
<body>
  <div class='ocr_page' id='page_1' title='image "./commentatiocrit02karsgoog_0185.png"; bbox 0 0 3025 5067; ppageno 0'>
   <div class='ocr_carea' id='block_1_1' title="bbox 1311 378 1434 439">
    <p class='ocr_par' dir='ltr' id='par_1_1' title="bbox 1311 378 1434 439">
     <span class='ocr_line' id='line_1_1' title="bbox 1311 378 1434 439; baseline 0.008 -1"><span class='ocrx_word' id='word_1_1' title='bbox 1311 378 1434 439; x_wconf 87' lang='lat'><strong>165</strong></span> 
     </span>
    </p>
   </div>
   <div class='ocr_carea' id='block_1_2' title="bbox 364 580 2385 907">
    <p class='ocr_par' dir='ltr' id='par_1_2' title="bbox 364 580 2385 907">
     <span class='ocr_line' id='line_1_2' title="bbox 364 580 2385 666; baseline -0.001 -20"><span class='ocrx_word' id='word_1_2' title='bbox 364 589 494 646; x_wconf 86' lang='lat' dir='ltr'><strong>tus.</strong></span> <span class='ocrx_word' id='word_1_3' title='bbox 589 583 884 663; x_wconf 75' lang='lat' dir='ltr'><strong>Quaestio</strong></span> <span class='ocrx_word' id='word_1_4' title='bbox 935 583 1226 660; x_wconf 87' lang='lat' dir='ltr'><strong>obscura,</strong></span> <span class='ocrx_word' id='word_1_5' title='bbox 1275 583 1351 646; x_wconf 91' lang='lat' dir='ltr'><strong>de</strong></span> <span class='ocrx_word' id='word_1_6' title='bbox 1398 606 1521 666; x_wconf 92' lang='lat' dir='ltr'><strong>qua</strong></span> <span class='ocrx_word' id='word_1_7' title='bbox 1566 584 1618 646; x_wconf 91' lang='lat' dir='ltr'><strong>si</strong></span> <span class='ocrx_word' id='word_1_8' title='bbox 1649 589 1881 647; x_wconf 90' lang='lat' dir='ltr'><strong>certum</strong></span> <span class='ocrx_word' id='word_1_9' title='bbox 1911 580 2242 666; x_wconf 88' lang='lat' dir='ltr'><strong>comperire</strong></span> <span class='ocrx_word' id='word_1_10' title='bbox 2273 580 2385 644; x_wconf 87' lang='lat' dir='ltr'><strong>dif-</strong></span> 
     </span>
     <span class='ocr_line' id='line_1_3' title="bbox 375 701 2381 788; baseline -0 -24"><span class='ocrx_word' id='word_1_11' title='bbox 375 702 538 766; x_wconf 89' lang='lat' dir='ltr'><strong>ficile</strong></span> <span class='ocrx_word' id='word_1_12' title='bbox 554 752 571 779; x_wconf 91' lang='lat'><strong><em>,</em></strong></span> <span class='ocrx_word' id='word_1_13' title='bbox 629 711 832 768; x_wconf 90' lang='lat' dir='ltr'><strong>tamen</strong></span> <span class='ocrx_word' id='word_1_14' title='bbox 885 703 1034 788; x_wconf 91' lang='lat' dir='ltr'><strong>quid</strong></span> <span class='ocrx_word' id='word_1_15' title='bbox 1079 703 1394 788; x_wconf 86' lang='lat' dir='ltr'><strong>probabile</strong></span> <span class='ocrx_word' id='word_1_16' title='bbox 1439 704 1554 782; x_wconf 84' lang='lat' dir='ltr'><strong>sit,</strong></span> <span class='ocrx_word' id='word_1_17' title='bbox 1620 702 1973 768; x_wconf 78' lang='lat' dir='ltr'><strong>examinatis</strong></span> <span class='ocrx_word' id='word_1_18' title='bbox 2020 701 2381 784; x_wconf 89' lang='lat' dir='ltr'><strong>scriptorum</strong></span> 
     </span>
     <span class='ocr_line' id='line_1_4' title="bbox 367 823 1210 907; baseline 0.001 -21"><span class='ocrx_word' id='word_1_19' title='bbox 367 823 738 886; x_wconf 77' lang='lat' dir='ltr'><strong>testimoniis</strong></span> <span class='ocrx_word' id='word_1_20' title='bbox 755 873 774 899; x_wconf 90' lang='lat'>‚</span> <span class='ocrx_word' id='word_1_21' title='bbox 831 845 1210 907; x_wconf 59' lang='lat' dir='ltr'><strong>quaeramus</strong></span> 
     </span>
    </p>
   </div>
   <div class='ocr_carea' id='block_1_3' title="bbox 350 1057 2385 3997">
    <p class='ocr_par' dir='ltr' id='par_1_3' title="bbox 370 1057 2383 1361">
     <span class='ocr_line' id='line_1_5' title="bbox 462 1057 2382 1144; baseline -0.001 -22"><span class='ocrx_word' id='word_1_22' title='bbox 462 1059 606 1124; x_wconf 93' lang='lat' dir='ltr'><strong>Duo</strong></span> <span class='ocrx_word' id='word_1_23' title='bbox 669 1065 815 1122; x_wconf 90' lang='lat' dir='ltr'><strong>sunt</strong></span> <span class='ocrx_word' id='word_1_24' title='bbox 873 1065 1056 1123; x_wconf 85' lang='lat' dir='ltr'><strong>testes</strong></span> <span class='ocrx_word' id='word_1_25' title='bbox 1119 1058 1228 1142; x_wconf 92' lang='lat' dir='ltr'><strong>qui</strong></span> <span class='ocrx_word' id='word_1_26' title='bbox 1272 1058 1348 1122; x_wconf 92' lang='lat' dir='ltr'><strong>de</strong></span> <span class='ocrx_word' id='word_1_27' title='bbox 1391 1059 1488 1122; x_wconf 92' lang='lat' dir='ltr'><strong>his</strong></span> <span class='ocrx_word' id='word_1_28' title='bbox 1536 1057 2125 1144; x_wconf 81' lang='lat' dir='ltr'><strong>peregrinationibus</strong></span> <span class='ocrx_word' id='word_1_29' title='bbox 2170 1057 2382 1120; x_wconf 88' lang='lat' dir='ltr'><strong>ceteris</strong></span> 
     </span>
     <span class='ocr_line' id='line_1_6' title="bbox 370 1175 2383 1263; baseline -0.001 -22"><span class='ocrx_word' id='word_1_30' title='bbox 370 1177 612 1263; x_wconf 84' lang='lat' dir='ltr'><strong>plenius</strong></span> <span class='ocrx_word' id='word_1_31' title='bbox 679 1177 1056 1242; x_wconf 87' lang='lat' dir='ltr'><strong>retulerunt:</strong></span> <span class='ocrx_word' id='word_1_32' title='bbox 1129 1178 1280 1241; x_wconf 90' lang='lat' dir='ltr'><strong>alter</strong></span> <span class='ocrx_word' id='word_1_33' title='bbox 1341 1183 1433 1241; x_wconf 89' lang='lat' dir='ltr'><strong>est</strong></span> <span class='ocrx_word' id='word_1_34' title='bbox 1493 1176 1791 1262; x_wconf 88' lang='lat' dir='ltr'><strong>Apuleius</strong></span> <span class='ocrx_word' id='word_1_35' title='bbox 1807 1226 1827 1255; x_wconf 91' lang='lat'><em>,</em></span> <span class='ocrx_word' id='word_1_36' title='bbox 1877 1175 2029 1240; x_wconf 89' lang='lat' dir='ltr'><strong>alter</strong></span> <span class='ocrx_word' id='word_1_37' title='bbox 2080 1175 2383 1261; x_wconf 84' lang='lat' dir='ltr'><strong>Diogenes</strong></span> 
     </span>
     <span class='ocr_line' id='line_1_7' title="bbox 371 1294 676 1361; baseline 0.007 -3"><span class='ocrx_word' id='word_1_38' title='bbox 371 1294 676 1361; x_wconf 65' lang='lat' dir='ltr'><strong>LaErtiuS.</strong></span> 
     </span>
    </p>

    <p class='ocr_par' dir='ltr' id='par_1_4' title="bbox 362 1412 2385 2680">
     <span class='ocr_line' id='line_1_8' title="bbox 463 1412 2379 1499; baseline 0 -22"><span class='ocrx_word' id='word_1_39' title='bbox 463 1413 651 1499; x_wconf 87' lang='lat' dir='ltr'><strong>Apud</strong></span> <span class='ocrx_word' id='word_1_40' title='bbox 684 1414 1016 1499; x_wconf 89' lang='lat' dir='ltr'><strong>Apuleium</strong></span> <span class='ocrx_word' id='word_1_41' title='bbox 1034 1463 1053 1492; x_wconf 91' lang='lat'><em>,</em></span> <span class='ocrx_word' id='word_1_42' title='bbox 1087 1413 1161 1478; x_wconf 90' lang='lat' dir='ltr'><strong>de</strong></span> <span class='ocrx_word' id='word_1_43' title='bbox 1195 1413 1397 1498; x_wconf 86' lang='lat' dir='ltr'><strong>dogm.</strong></span> <span class='ocrx_word' id='word_1_44' title='bbox 1423 1412 1582 1476; x_wconf 90' lang='lat' dir='ltr'><strong>Plat.</strong></span> <span class='ocrx_word' id='word_1_45' title='bbox 1608 1412 1670 1491; x_wconf 92' lang='lat' dir='ltr'><strong>I,</strong></span> <span class='ocrx_word' id='word_1_46' title='bbox 1702 1435 1755 1476; x_wconf 89' lang='lat' dir='ltr'><strong>c.</strong></span> <span class='ocrx_word' id='word_1_47' title='bbox 1782 1416 1821 1477; x_wconf 86' lang='lat'><strong>3</strong></span> <span class='ocrx_word' id='word_1_48' title='bbox 1840 1463 1858 1491; x_wconf 93' lang='lat'>,</span> <span class='ocrx_word' id='word_1_49' title='bbox 1883 1413 2033 1477; x_wconf 87' lang='lat' dir='ltr'><strong>haec</strong></span> <span class='ocrx_word' id='word_1_50' title='bbox 2054 1415 2379 1498; x_wconf 88' lang='lat' dir='ltr'><strong>leguntur:</strong></span> 
     </span>
     <span class='ocr_line' id='line_1_9' title="bbox 366 1531 2385 1617; baseline 0 -22"><span class='ocrx_word' id='word_1_51' title='bbox 366 1531 821 1617; x_wconf 87' lang='lat' dir='ltr'><strong>„Posteaquam</strong></span> <span class='ocrx_word' id='word_1_52' title='bbox 866 1532 1140 1596; x_wconf 86' lang='lat' dir='ltr'><strong>Socrates</strong></span> <span class='ocrx_word' id='word_1_53' title='bbox 1186 1531 1459 1596; x_wconf 90' lang='lat' dir='ltr'><strong>homines</strong></span> <span class='ocrx_word' id='word_1_54' title='bbox 1504 1532 1757 1616; x_wconf 89' lang='lat' dir='ltr'><strong>reliquit</strong></span> <span class='ocrx_word' id='word_1_55' title='bbox 1776 1582 1794 1608; x_wconf 93' lang='lat'><em>,</em></span> <span class='ocrx_word' id='word_1_56' title='bbox 1829 1533 2127 1616; x_wconf 85' lang='lat' dir='ltr'><strong>quaesivit</strong></span> <span class='ocrx_word' id='word_1_57' title='bbox 2156 1531 2385 1616; x_wconf 88' lang='lat' dir='ltr'><strong>(Plato)</strong></span> 
     </span>
     <span class='ocr_line' id='line_1_10' title="bbox 368 1650 2383 1736; baseline -0 -21"><span class='ocrx_word' id='word_1_58' title='bbox 368 1650 536 1715; x_wconf 87' lang='lat' dir='ltr'><strong>uude</strong></span> <span class='ocrx_word' id='word_1_59' title='bbox 583 1653 927 1735; x_wconf 88' lang='lat' dir='ltr'><strong>proficeret,</strong></span> <span class='ocrx_word' id='word_1_60' title='bbox 976 1657 1036 1714; x_wconf 92' lang='lat' dir='ltr'><strong>et</strong></span> <span class='ocrx_word' id='word_1_61' title='bbox 1082 1650 1160 1714; x_wconf 90' lang='lat' dir='ltr'><strong>ad</strong></span> <span class='ocrx_word' id='word_1_62' title='bbox 1204 1651 1587 1735; x_wconf 84' lang='lat' dir='ltr'><strong>Pythagorae</strong></span> <span class='ocrx_word' id='word_1_63' title='bbox 1633 1650 2015 1736; x_wconf 80' lang='lat' dir='ltr'><strong>disciplinam</strong></span> <span class='ocrx_word' id='word_1_64' title='bbox 2062 1673 2123 1714; x_wconf 90' lang='lat' dir='ltr'><strong>se</strong></span> <span class='ocrx_word' id='word_1_65' title='bbox 2170 1657 2383 1714; x_wconf 91' lang='lat' dir='ltr'><strong>contu·</strong></span> 
     </span>
     <span class='ocr_line' id='line_1_11' title="bbox 365 1768 2380 1856; baseline -0.001 -21"><span class='ocrx_word' id='word_1_66' title='bbox 365 1771 446 1835; x_wconf 88' lang='lat' dir='ltr'><strong>lit</strong></span> <span class='ocrx_word' id='word_1_67' title='bbox 469 1819 485 1835; x_wconf 93' lang='lat'>.</span> <span class='ocrx_word' id='word_1_68' title='bbox 661 1769 746 1834; x_wconf 87' lang='lat' dir='ltr'><strong>Et</strong></span> <span class='ocrx_word' id='word_1_69' title='bbox 789 1769 957 1855; x_wconf 93' lang='lat' dir='ltr'><strong>quod</strong></span> <span class='ocrx_word' id='word_1_70' title='bbox 1000 1769 1520 1855; x_wconf 85' lang='lat' dir='ltr'><strong>Pythagoreorum</strong></span> <span class='ocrx_word' id='word_1_71' title='bbox 1565 1770 1879 1854; x_wconf 89' lang='lat' dir='ltr'><strong>ingenium</strong></span> <span class='ocrx_word' id='word_1_72' title='bbox 1919 1770 2201 1856; x_wconf 87' lang='lat' dir='ltr'><strong>adjutum</strong></span> <span class='ocrx_word' id='word_1_73' title='bbox 2247 1768 2380 1834; x_wconf 90' lang='lat' dir='ltr'><strong>aliis</strong></span> 
     </span>
     <span class='ocr_line' id='line_1_12' title="bbox 366 1887 2378 1974; baseline 0 -20"><span class='ocrx_word' id='word_1_74' title='bbox 366 1889 707 1974; x_wconf 83' lang='lat' dir='ltr'><strong>disciplinis</strong></span> <span class='ocrx_word' id='word_1_75' title='bbox 767 1889 1092 1967; x_wconf 84' lang='lat' dir='ltr'><strong>sentiebat,</strong></span> <span class='ocrx_word' id='word_1_76' title='bbox 1155 1887 1233 1952; x_wconf 89' lang='lat' dir='ltr'><strong>ad</strong></span> <span class='ocrx_word' id='word_1_77' title='bbox 1288 1888 1678 1953; x_wconf 82' lang='lat' dir='ltr'><strong>Theodorum</strong></span> <span class='ocrx_word' id='word_1_78' title='bbox 1724 1888 1987 1973; x_wconf 88' lang='lat' dir='ltr'><strong>Cyrenas</strong></span> <span class='ocrx_word' id='word_1_79' title='bbox 2032 1895 2104 1953; x_wconf 92' lang='lat' dir='ltr'><strong>ut</strong></span> <span class='ocrx_word' id='word_1_80' title='bbox 2148 1912 2378 1974; x_wconf 92' lang='lat' dir='ltr'><strong>geome-</strong></span> 
     </span>
     <span class='ocr_line' id='line_1_13' title="bbox 364 2006 2380 2092; baseline 0 -20"><span class='ocrx_word' id='word_1_81' title='bbox 364 2007 549 2073; x_wconf 84' lang='lat' dir='ltr'><strong>triam</strong></span> <span class='ocrx_word' id='word_1_82' title='bbox 632 2008 890 2072; x_wconf 87' lang='lat' dir='ltr'><strong>disceret</strong></span> <span class='ocrx_word' id='word_1_83' title='bbox 965 2014 1055 2071; x_wconf 90' lang='lat' dir='ltr'><strong>est</strong></span> <span class='ocrx_word' id='word_1_84' title='bbox 1123 2006 1429 2092; x_wconf 84' lang='lat' dir='ltr'><strong>profectus</strong></span> <span class='ocrx_word' id='word_1_85' title='bbox 1445 2033 1464 2084; x_wconf 90' lang='lat'>;</span> <span class='ocrx_word' id='word_1_86' title='bbox 1530 2014 1591 2071; x_wconf 92' lang='lat' dir='ltr'><strong>et</strong></span> <span class='ocrx_word' id='word_1_87' title='bbox 1650 2007 2039 2092; x_wconf 86' lang='lat' dir='ltr'><strong>astrologiam</strong></span> <span class='ocrx_word' id='word_1_88' title='bbox 2107 2008 2380 2092; x_wconf 89' lang='lat' dir='ltr'><strong>adusque</strong></span> 
     </span>
     <span class='ocr_line' id='line_1_14' title="bbox 366 2122 2378 2212; baseline 0.001 -22"><span class='ocrx_word' id='word_1_89' title='bbox 366 2127 722 2211; x_wconf 89' lang='lat' dir='ltr'><strong>Aegyptum</strong></span> <span class='ocrx_word' id='word_1_90' title='bbox 767 2127 878 2190; x_wconf 85' lang='lat' dir='ltr'><strong>ivit</strong></span> <span class='ocrx_word' id='word_1_91' title='bbox 923 2126 1185 2211; x_wconf 89' lang='lat' dir='ltr'><strong>petitum</strong></span> <span class='ocrx_word' id='word_1_92' title='bbox 1200 2176 1219 2205; x_wconf 91' lang='lat'><em>,</em></span> <span class='ocrx_word' id='word_1_93' title='bbox 1269 2134 1342 2189; x_wconf 93' lang='lat' dir='ltr'><strong>ut</strong></span> <span class='ocrx_word' id='word_1_94' title='bbox 1371 2125 1512 2190; x_wconf 90' lang='lat' dir='ltr'><strong>inde</strong></span> <span class='ocrx_word' id='word_1_95' title='bbox 1545 2126 1981 2212; x_wconf 89' lang='lat' dir='ltr'><strong>prophetarum</strong></span> <span class='ocrx_word' id='word_1_96' title='bbox 2010 2127 2163 2191; x_wconf 91' lang='lat' dir='ltr'><strong>ritus</strong></span> <span class='ocrx_word' id='word_1_97' title='bbox 2196 2122 2378 2192; x_wconf 89' lang='lat' dir='ltr'><strong>etiam</strong></span> 
     </span>
     <span class='ocr_line' id='line_1_15' title="bbox 368 2244 2377 2331; baseline -0 -21"><span class='ocrx_word' id='word_1_98' title='bbox 368 2245 730 2311; x_wconf 85' lang='lat' dir='ltr'><strong>addisceret.</strong></span> <span class='ocrx_word' id='word_1_99' title='bbox 835 2245 920 2310; x_wconf 88' lang='lat' dir='ltr'><strong>Et</strong></span> <span class='ocrx_word' id='word_1_100' title='bbox 977 2244 1056 2310; x_wconf 91' lang='lat' dir='ltr'><strong>ad</strong></span> <span class='ocrx_word' id='word_1_101' title='bbox 1115 2245 1360 2310; x_wconf 85' lang='lat' dir='ltr'><strong>Italiam</strong></span> <span class='ocrx_word' id='word_1_102' title='bbox 1420 2246 1641 2310; x_wconf 91' lang='lat' dir='ltr'><strong>iterum</strong></span> <span class='ocrx_word' id='word_1_103' title='bbox 1704 2246 1904 2322; x_wconf 82' lang='lat' dir='ltr'><strong>venit,</strong></span> <span class='ocrx_word' id='word_1_104' title='bbox 1966 2245 2377 2331; x_wconf 86' lang='lat' dir='ltr'><strong>Pythagoreos</strong></span> 
     </span>
     <span class='ocr_line' id='line_1_16' title="bbox 365 2364 2379 2450; baseline 0 -21"><span class='ocrx_word' id='word_1_105' title='bbox 365 2364 717 2429; x_wconf 86' lang='lat' dir='ltr'><strong>Euritatum</strong></span> <span class='ocrx_word' id='word_1_106' title='bbox 767 2364 1116 2450; x_wconf 83' lang='lat' dir='ltr'><strong>(Eurytum)</strong></span> <span class='ocrx_word' id='word_1_107' title='bbox 1154 2365 1553 2432; x_wconf 84' lang='lat' dir='ltr'><strong>Tarentinum</strong></span> <span class='ocrx_word' id='word_1_108' title='bbox 1602 2370 1661 2429; x_wconf 89' lang='lat' dir='ltr'><strong>et</strong></span> <span class='ocrx_word' id='word_1_109' title='bbox 1705 2365 2001 2429; x_wconf 88' lang='lat' dir='ltr'><strong>seniorem</strong></span> <span class='ocrx_word' id='word_1_110' title='bbox 2047 2365 2379 2450; x_wconf 84' lang='lat' dir='ltr'><strong>Archytam</strong></span> 
     </span>
     <span class='ocr_line' id='line_1_17' title="bbox 362 2482 2379 2568; baseline 0 -22"><span class='ocrx_word' id='word_1_111' title='bbox 362 2490 652 2547; x_wconf 77' lang='lat' dir='ltr'><strong>sectatus,</strong></span> <span class='ocrx_word' id='word_1_112' title='bbox 723 2484 930 2566; x_wconf 89' lang='lat' dir='ltr'><strong>Atque</strong></span> <span class='ocrx_word' id='word_1_113' title='bbox 973 2483 1118 2548; x_wconf 89' lang='lat' dir='ltr'><strong>inde</strong></span> <span class='ocrx_word' id='word_1_114' title='bbox 1163 2482 1242 2546; x_wconf 88' lang='lat' dir='ltr'><strong>ad</strong></span> <span class='ocrx_word' id='word_1_115' title='bbox 1286 2482 1475 2548; x_wconf 91' lang='lat' dir='ltr'><strong>Indos</strong></span> <span class='ocrx_word' id='word_1_116' title='bbox 1516 2490 1576 2547; x_wconf 94' lang='lat' dir='ltr'><strong>et</strong></span> <span class='ocrx_word' id='word_1_117' title='bbox 1608 2483 1822 2568; x_wconf 90' lang='lat' dir='ltr'><strong>Magos</strong></span> <span class='ocrx_word' id='word_1_118' title='bbox 1862 2483 2224 2548; x_wconf 88' lang='lat' dir='ltr'><strong>intendisset</strong></span> <span class='ocrx_word' id='word_1_119' title='bbox 2254 2484 2379 2547; x_wconf 92' lang='lat' dir='ltr'><strong>ani-</strong></span> 
     </span>
     <span class='ocr_line' id='line_1_18' title="bbox 363 2600 1771 2680; baseline -0.001 -14"><span class='ocrx_word' id='word_1_120' title='bbox 363 2624 573 2680; x_wconf 90' lang='lat' dir='ltr'><strong>mum,</strong></span> <span class='ocrx_word' id='word_1_121' title='bbox 619 2601 740 2666; x_wconf 89' lang='lat' dir='ltr'><strong>nisi</strong></span> <span class='ocrx_word' id='word_1_122' title='bbox 784 2608 933 2666; x_wconf 89' lang='lat' dir='ltr'><strong>tunc</strong></span> <span class='ocrx_word' id='word_1_123' title='bbox 981 2623 1120 2665; x_wconf 91' lang='lat' dir='ltr'><strong>eum</strong></span> <span class='ocrx_word' id='word_1_124' title='bbox 1165 2601 1325 2666; x_wconf 90' lang='lat' dir='ltr'><strong>bella</strong></span> <span class='ocrx_word' id='word_1_125' title='bbox 1371 2600 1771 2665; x_wconf 88' lang='lat' dir='ltr'><strong>vetuissent.”</strong></span> 
     </span>
    </p>

    <p class='ocr_par' dir='ltr' id='par_1_5' title="bbox 350 2719 2376 3997">
     <span class='ocr_line' id='line_1_19' title="bbox 459 2719 2372 2804; baseline 0.001 -20"><span class='ocrx_word' id='word_1_126' title='bbox 459 2719 746 2800; x_wconf 79' lang='lat' dir='ltr'><strong>Quonam</strong></span> <span class='ocrx_word' id='word_1_127' title='bbox 807 2743 878 2784; x_wconf 81' lang='lat' dir='ltr'><strong>ex</strong></span> <span class='ocrx_word' id='word_1_128' title='bbox 939 2721 1108 2783; x_wconf 84' lang='lat' dir='ltr'><strong>fonte</strong></span> <span class='ocrx_word' id='word_1_129' title='bbox 1162 2719 1463 2804; x_wconf 89' lang='lat' dir='ltr'><strong>Apuleius</strong></span> <span class='ocrx_word' id='word_1_130' title='bbox 1518 2721 1666 2784; x_wconf 90' lang='lat' dir='ltr'><strong>haec</strong></span> <span class='ocrx_word' id='word_1_131' title='bbox 1719 2720 1990 2784; x_wconf 85' lang='lat' dir='ltr'><strong>hauserit</strong></span> <span class='ocrx_word' id='word_1_132' title='bbox 2041 2742 2151 2784; x_wconf 92' lang='lat' dir='ltr'><strong>nos</strong></span> <span class='ocrx_word' id='word_1_133' title='bbox 2206 2720 2372 2786; x_wconf 90' lang='lat' dir='ltr'><strong>latet.</strong></span> 
     </span>
     <span class='ocr_line' id='line_1_20' title="bbox 359 2837 2371 2924; baseline -0.001 -20"><span class='ocrx_word' id='word_1_134' title='bbox 359 2839 803 2904; x_wconf 84' lang='lat' dir='ltr'><strong>Stallbaumius</strong></span> <span class='ocrx_word' id='word_1_135' title='bbox 833 2840 879 2924; x_wconf 89' lang='lat'><strong>¹)</strong></span> <span class='ocrx_word' id='word_1_136' title='bbox 926 2861 959 2902; x_wconf 98' lang='lat' dir='ltr'><strong>e</strong></span> <span class='ocrx_word' id='word_1_137' title='bbox 1005 2837 1329 2924; x_wconf 87' lang='lat' dir='ltr'><strong>Speusippi</strong></span> <span class='ocrx_word' id='word_1_138' title='bbox 1372 2837 1532 2902; x_wconf 87' lang='lat' dir='ltr'><strong>libro</strong></span> <span class='ocrx_word' id='word_1_139' title='bbox 1578 2837 1827 2902; x_wconf 84' lang='lat' dir='ltr'><strong>fluxisse</strong></span> <span class='ocrx_word' id='word_1_140' title='bbox 1868 2838 2211 2922; x_wconf 88' lang='lat' dir='ltr'><strong>suspicatus</strong></span> <span class='ocrx_word' id='word_1_141' title='bbox 2255 2845 2371 2918; x_wconf 89' lang='lat' dir='ltr'><strong>est,</strong></span> 
     </span>
     <span class='ocr_line' id='line_1_21' title="bbox 357 2957 2376 3043; baseline 0 -21"><span class='ocrx_word' id='word_1_142' title='bbox 357 2958 427 3022; x_wconf 90' lang='lat' dir='ltr'><strong>in</strong></span> <span class='ocrx_word' id='word_1_143' title='bbox 488 2979 610 3042; x_wconf 93' lang='lat' dir='ltr'><strong>quo</strong></span> <span class='ocrx_word' id='word_1_144' title='bbox 670 2957 761 3021; x_wconf 88' lang='lat' dir='ltr'><strong>vir</strong></span> <span class='ocrx_word' id='word_1_145' title='bbox 825 2957 1043 3022; x_wconf 91' lang='lat' dir='ltr'><strong>doctus</strong></span> <span class='ocrx_word' id='word_1_146' title='bbox 1089 2957 1220 3021; x_wconf 84' lang='lat' dir='ltr'><strong>falli</strong></span> <span class='ocrx_word' id='word_1_147' title='bbox 1265 2957 1523 3021; x_wconf 87' lang='lat' dir='ltr'><strong>videtur.</strong></span> <span class='ocrx_word' id='word_1_148' title='bbox 1617 2957 1919 3042; x_wconf 87' lang='lat' dir='ltr'><strong>Apuleius</strong></span> <span class='ocrx_word' id='word_1_149' title='bbox 1966 2957 2376 3043; x_wconf 85' lang='lat' dir='ltr'><strong>Speusippum</strong></span> 
     </span>
     <span class='ocr_line' id='line_1_22' title="bbox 361 3074 2375 3159; baseline -0.001 -19"><span class='ocrx_word' id='word_1_150' title='bbox 361 3083 672 3140; x_wconf 87' lang='lat' dir='ltr'><strong>auctorem</strong></span> <span class='ocrx_word' id='word_1_151' title='bbox 731 3076 1006 3141; x_wconf 84' lang='lat' dir='ltr'><strong>nominat</strong></span> <span class='ocrx_word' id='word_1_152' title='bbox 1066 3076 1130 3139; x_wconf 92' lang='lat' dir='ltr'><strong>in</strong></span> <span class='ocrx_word' id='word_1_153' title='bbox 1175 3076 1250 3138; x_wconf 90' lang='lat' dir='ltr'><strong>iis</strong></span> <span class='ocrx_word' id='word_1_154' title='bbox 1298 3097 1454 3159; x_wconf 91' lang='lat' dir='ltr'><strong>quae</strong></span> <span class='ocrx_word' id='word_1_155' title='bbox 1498 3075 1685 3138; x_wconf 90' lang='lat' dir='ltr'><strong>habet</strong></span> <span class='ocrx_word' id='word_1_156' title='bbox 1730 3074 1805 3138; x_wconf 90' lang='lat' dir='ltr'><strong>de</strong></span> <span class='ocrx_word' id='word_1_157' title='bbox 1851 3075 2123 3139; x_wconf 90' lang='lat' dir='ltr'><strong>Platonis</strong></span> <span class='ocrx_word' id='word_1_158' title='bbox 2168 3075 2375 3139; x_wconf 89' lang='lat' dir='ltr'><strong>indole</strong></span> 
     </span>
     <span class='ocr_line' id='line_1_23' title="bbox 361 3190 2376 3281; baseline -0.001 -21"><span class='ocrx_word' id='word_1_159' title='bbox 361 3203 423 3260; x_wconf 91' lang='lat' dir='ltr'><strong>et</strong></span> <span class='ocrx_word' id='word_1_160' title='bbox 468 3196 750 3280; x_wconf 82' lang='lat' dir='ltr'><strong>ingenie,</strong></span> <span class='ocrx_word' id='word_1_161' title='bbox 793 3190 928 3281; x_wconf 87' lang='lat' dir='ltr'><strong>cap.</strong></span> <span class='ocrx_word' id='word_1_162' title='bbox 965 3198 1034 3274; x_wconf 76' lang='lat'><strong>23</strong></span> <span class='ocrx_word' id='word_1_163' title='bbox 1084 3195 1304 3260; x_wconf 89' lang='lat' dir='ltr'><strong>deinde</strong></span> <span class='ocrx_word' id='word_1_164' title='bbox 1350 3217 1490 3260; x_wconf 88' lang='lat' dir='ltr'><strong>vero</strong></span> <span class='ocrx_word' id='word_1_165' title='bbox 1526 3201 1850 3280; x_wconf 88' lang='lat' dir='ltr'><strong>postquam</strong></span> <span class='ocrx_word' id='word_1_166' title='bbox 1881 3195 2117 3280; x_wconf 70' lang='lat' dir='ltr'><strong>poetica</strong></span> <span class='ocrx_word' id='word_1_167' title='bbox 2146 3203 2207 3259; x_wconf 89' lang='lat' dir='ltr'><strong>et</strong></span> <span class='ocrx_word' id='word_1_168' title='bbox 2244 3194 2376 3280; x_wconf 87' lang='lat' dir='ltr'><strong>phi-</strong></span> 
     </span>
     <span class='ocr_line' id='line_1_24' title="bbox 353 3314 2374 3400; baseline 0 -22"><span class='ocrx_word' id='word_1_169' title='bbox 353 3314 672 3400; x_wconf 89' lang='lat' dir='ltr'><strong>losophica</strong></span> <span class='ocrx_word' id='word_1_170' title='bbox 732 3315 862 3379; x_wconf 91' lang='lat' dir='ltr'><strong>eius</strong></span> <span class='ocrx_word' id='word_1_171' title='bbox 924 3315 1131 3385; x_wconf 76' lang='lat' dir='ltr'><strong>studia</strong></span> <span class='ocrx_word' id='word_1_172' title='bbox 1175 3315 1385 3399; x_wconf 89' lang='lat' dir='ltr'><strong>paucis</strong></span> <span class='ocrx_word' id='word_1_173' title='bbox 1433 3314 1728 3392; x_wconf 84' lang='lat' dir='ltr'><strong>absolvit,</strong></span> <span class='ocrx_word' id='word_1_174' title='bbox 1778 3336 1909 3399; x_wconf 89' lang='lat' dir='ltr'><strong>cap.</strong></span> <span class='ocrx_word' id='word_1_175' title='bbox 1960 3315 1998 3376; x_wconf 88' lang='lat'><strong>3</strong></span> <span class='ocrx_word' id='word_1_176' title='bbox 2049 3322 2110 3377; x_wconf 92' lang='lat' dir='ltr'><strong>et</strong></span> <span class='ocrx_word' id='word_1_177' title='bbox 2154 3317 2197 3376; x_wconf 81' lang='lat'><em>4</em></span> <span class='ocrx_word' id='word_1_178' title='bbox 2242 3337 2374 3398; x_wconf 91' lang='lat' dir='ltr'><strong>per-</strong></span> 
     </span>
     <span class='ocr_line' id='line_1_25' title="bbox 357 3432 2369 3520; baseline 0 -23"><span class='ocrx_word' id='word_1_179' title='bbox 357 3433 459 3520; x_wconf 79' lang='lat' dir='ltr'><strong>git¹</strong></span> <span class='ocrx_word' id='word_1_180' title='bbox 509 3433 577 3497; x_wconf 90' lang='lat' dir='ltr'><strong>in</strong></span> <span class='ocrx_word' id='word_1_181' title='bbox 623 3433 973 3498; x_wconf 89' lang='lat' dir='ltr'><strong>enarrandis</strong></span> <span class='ocrx_word' id='word_1_182' title='bbox 1020 3432 1376 3510; x_wconf 79' lang='lat' dir='ltr'><strong>itineribus3</strong></span> <span class='ocrx_word' id='word_1_183' title='bbox 1423 3433 1489 3496; x_wconf 92' lang='lat' dir='ltr'><strong>in</strong></span> <span class='ocrx_word' id='word_1_184' title='bbox 1536 3433 1631 3496; x_wconf 91' lang='lat' dir='ltr'><strong>his</strong></span> <span class='ocrx_word' id='word_1_185' title='bbox 1682 3437 1885 3496; x_wconf 87' lang='lat' dir='ltr'><strong>autem</strong></span> <span class='ocrx_word' id='word_1_186' title='bbox 1929 3440 2147 3497; x_wconf 89' lang='lat' dir='ltr'><strong>testem</strong></span> <span class='ocrx_word' id='word_1_187' title='bbox 2193 3433 2369 3498; x_wconf 89' lang='lat' dir='ltr'><strong>illum</strong></span> 
     </span>
     <span class='ocr_line' id='line_1_26' title="bbox 351 3551 2373 3637; baseline 0 -21"><span class='ocrx_word' id='word_1_188' title='bbox 351 3574 482 3616; x_wconf 91' lang='lat' dir='ltr'><strong>non</strong></span> <span class='ocrx_word' id='word_1_189' title='bbox 529 3553 714 3630; x_wconf 88' lang='lat' dir='ltr'><strong>citat,</strong></span> <span class='ocrx_word' id='word_1_190' title='bbox 763 3551 930 3636; x_wconf 89' lang='lat' dir='ltr'><strong>quod</strong></span> <span class='ocrx_word' id='word_1_191' title='bbox 976 3574 1120 3615; x_wconf 90' lang='lat' dir='ltr'><strong>sane</strong></span> <span class='ocrx_word' id='word_1_192' title='bbox 1165 3574 1290 3615; x_wconf 90' lang='lat' dir='ltr'><strong>non</strong></span> <span class='ocrx_word' id='word_1_193' title='bbox 1343 3551 1681 3628; x_wconf 89' lang='lat' dir='ltr'><strong>omisisset,</strong></span> <span class='ocrx_word' id='word_1_194' title='bbox 1732 3573 1853 3636; x_wconf 91' lang='lat' dir='ltr'><strong>quo</strong></span> <span class='ocrx_word' id='word_1_195' title='bbox 1901 3552 2041 3637; x_wconf 90' lang='lat' dir='ltr'><strong>plus</strong></span> <span class='ocrx_word' id='word_1_196' title='bbox 2086 3552 2373 3637; x_wconf 89' lang='lat' dir='ltr'><strong>ponderis</strong></span> 
     </span>
     <span class='ocr_line' id='line_1_27' title="bbox 354 3669 2374 3755; baseline 0 -21"><span class='ocrx_word' id='word_1_197' title='bbox 354 3669 606 3734; x_wconf 89' lang='lat' dir='ltr'><strong>haberet</strong></span> <span class='ocrx_word' id='word_1_198' title='bbox 652 3670 846 3755; x_wconf 90' lang='lat' dir='ltr'><strong>ipsius</strong></span> <span class='ocrx_word' id='word_1_199' title='bbox 906 3670 1322 3735; x_wconf 90' lang='lat' dir='ltr'><strong>testimonium</strong></span> <span class='ocrx_word' id='word_1_200' title='bbox 1340 3719 1357 3748; x_wconf 92' lang='lat'><strong><em>,</em></strong></span> <span class='ocrx_word' id='word_1_201' title='bbox 1405 3671 1759 3754; x_wconf 85' lang='lat' dir='ltr'><strong>praesertim</strong></span> <span class='ocrx_word' id='word_1_202' title='bbox 1810 3692 2002 3754; x_wconf 93' lang='lat' dir='ltr'><strong>quum</strong></span> <span class='ocrx_word' id='word_1_203' title='bbox 2050 3671 2125 3734; x_wconf 88' lang='lat' dir='ltr'><strong>ad</strong></span> <span class='ocrx_word' id='word_1_204' title='bbox 2172 3669 2374 3735; x_wconf 82' lang='lat' dir='ltr'><strong>defen-</strong></span> 
     </span>
     <span class='ocr_line' id='line_1_28' title="bbox 350 3789 2367 3874; baseline 0 -20"><span class='ocrx_word' id='word_1_205' title='bbox 350 3790 627 3854; x_wconf 89' lang='lat' dir='ltr'><strong>dendum</strong></span> <span class='ocrx_word' id='word_1_206' title='bbox 671 3789 992 3854; x_wconf 87' lang='lat' dir='ltr'><strong>Platonem</strong></span> <span class='ocrx_word' id='word_1_207' title='bbox 1039 3789 1120 3852; x_wconf 92' lang='lat' dir='ltr'><strong>sit</strong></span> <span class='ocrx_word' id='word_1_208' title='bbox 1166 3791 1591 3874; x_wconf 88' lang='lat' dir='ltr'><strong>compositum.</strong></span> <span class='ocrx_word' id='word_1_209' title='bbox 1684 3789 2037 3868; x_wconf 81' lang='lat' dir='ltr'><strong>Praeterea,</strong></span> <span class='ocrx_word' id='word_1_210' title='bbox 2088 3813 2243 3874; x_wconf 90' lang='lat' dir='ltr'><strong>quae</strong></span> <span class='ocrx_word' id='word_1_211' title='bbox 2291 3791 2367 3854; x_wconf 86' lang='lat' dir='ltr'><strong>de</strong></span> 
     </span>
     <span class='ocr_line' id='line_1_29' title="bbox 350 3907 2369 3997; baseline 0 -23"><span class='ocrx_word' id='word_1_212' title='bbox 350 3910 668 3997; x_wconf 87' lang='lat' dir='ltr'><strong>proposito</strong></span> <span class='ocrx_word' id='word_1_213' title='bbox 731 3908 898 3973; x_wconf 91' lang='lat' dir='ltr'><strong>illius</strong></span> <span class='ocrx_word' id='word_1_214' title='bbox 961 3908 1176 3972; x_wconf 86' lang='lat' dir='ltr'><strong>itinere</strong></span> <span class='ocrx_word' id='word_1_215' title='bbox 1237 3907 1313 3970; x_wconf 91' lang='lat' dir='ltr'><strong>ad</strong></span> <span class='ocrx_word' id='word_1_216' title='bbox 1375 3907 1565 3972; x_wconf 90' lang='lat' dir='ltr'><strong>Indos</strong></span> <span class='ocrx_word' id='word_1_217' title='bbox 1612 3916 1673 3972; x_wconf 90' lang='lat' dir='ltr'><strong>et</strong></span> <span class='ocrx_word' id='word_1_218' title='bbox 1718 3908 1935 3994; x_wconf 89' lang='lat' dir='ltr'><strong>Magos</strong></span> <span class='ocrx_word' id='word_1_219' title='bbox 1984 3917 2045 3973; x_wconf 89' lang='lat' dir='ltr'><strong>et</strong></span> <span class='ocrx_word' id='word_1_220' title='bbox 2091 3932 2247 3995; x_wconf 90' lang='lat' dir='ltr'><strong>quae</strong></span> <span class='ocrx_word' id='word_1_221' title='bbox 2293 3911 2369 3975; x_wconf 91' lang='lat' dir='ltr'><strong>de</strong></span> 
     </span>
    </p>
   </div>
   <div class='ocr_carea' id='block_1_4' title="bbox 365 4077 753 4092">
    <p class='ocr_par' dir='ltr' id='par_1_6' title="bbox 365 4077 753 4092">
     <span class='ocr_line' id='line_1_30' title="bbox 365 4077 753 4092; baseline 0 0"><span class='ocrx_word' id='word_1_222' title='bbox 365 4077 753 4092; x_wconf 95' lang='lat' dir='ltr'><strong> </strong></span> 
     </span>
    </p>
   </div>
   <div class='ocr_carea' id='block_1_5' title="bbox 401 4166 2356 4234">
    <p class='ocr_par' dir='ltr' id='par_1_7' title="bbox 401 4166 2356 4234">
     <span class='ocr_line' id='line_1_31' title="bbox 401 4166 2356 4234; baseline 0.001 -16"><span class='ocrx_word' id='word_1_223' title='bbox 401 4169 452 4230; x_wconf 90' lang='grc'><strong>1)</strong></span> <span class='ocrx_word' id='word_1_224' title='bbox 497 4168 558 4217; x_wconf 90' lang='lat' dir='ltr'><strong>In</strong></span> <span class='ocrx_word' id='word_1_225' title='bbox 588 4168 698 4216; x_wconf 86' lang='lat' dir='ltr'><strong>diss.</strong></span> <span class='ocrx_word' id='word_1_226' title='bbox 721 4167 779 4216; x_wconf 86' lang='lat' dir='ltr'><strong>de</strong></span> <span class='ocrx_word' id='word_1_227' title='bbox 801 4167 988 4216; x_wconf 85' lang='lat' dir='ltr'><strong>Platon.</strong></span> <span class='ocrx_word' id='word_1_228' title='bbox 1010 4166 1132 4224; x_wconf 84' lang='lat' dir='ltr'><strong>vita,</strong></span> <span class='ocrx_word' id='word_1_229' title='bbox 1153 4166 1406 4230; x_wconf 67' lang='lat' dir='ltr'><strong>praemissa</strong></span> <span class='ocrx_word' id='word_1_230' title='bbox 1423 4166 1539 4216; x_wconf 88' lang='lat' dir='ltr'><strong>edit.</strong></span> <span class='ocrx_word' id='word_1_231' title='bbox 1575 4166 1832 4232; x_wconf 84' lang='lat' dir='ltr'><strong>Apologiae</strong></span> <span class='ocrx_word' id='word_1_232' title='bbox 1852 4171 1901 4216; x_wconf 86' lang='lat' dir='ltr'><strong>et</strong></span> <span class='ocrx_word' id='word_1_233' title='bbox 1918 4167 2131 4218; x_wconf 81' lang='lat' dir='ltr'><strong>Critonis</strong></span> <span class='ocrx_word' id='word_1_234' title='bbox 2145 4207 2160 4227; x_wconf 87' lang='lat'><em>,</em></span> <span class='ocrx_word' id='word_1_235' title='bbox 2180 4185 2225 4234; x_wconf 85' lang='lat' dir='ltr'><strong>p.</strong></span> <span class='ocrx_word' id='word_1_236' title='bbox 2254 4169 2356 4219; x_wconf 87' lang='lat' dir='ltr'><strong>XX.</strong></span> 
     </span>
    </p>
   </div>
  </div>
 </body>
</html>
