3025 5067
1668 380 1787 468 160

707 609 938 676 πόλεσιν
982 612 1259 685 ἑκάσταις
1307 614 1661 689 κεκτημένοι.
1725 613 1803 678 In
1848 615 2046 682 verbis
2072 623 2322 681 notetur
2343 615 2501 681 illud
2526 617 2733 689 πόλεις

707 731 1140 810 ἐκβεβλημέναι
1173 755 1282 818 pro
1313 708 1639 798 οἱνοὶστατοι
1666 735 2095 812 γεγενημέναις
2130 735 2294 820 quod
2327 759 2467 800 vero
2492 736 2571 800 ad
2596 759 2729 800 rem

708 852 928 915 attinet
943 902 960 930 ,
1026 851 1174 916 haec
1237 874 1420 937 supra
1465 875 1679 917 verum
1725 860 1905 917 aucta
1939 861 2042 950 'est
2088 862 2149 918 et
2193 863 2406 920 contra
2444 855 2731 920 Platonis

707 971 1087 1035 sententiam.
1137 970 1323 1051 Quod
1362 971 1512 1036 dicit
1551 972 1955 1037 Athenienses
1979 971 2157 1036 LXX
2183 996 2372 1038 annos
2406 977 2729 1054 ἡγεμονίαν

705 1088 974 1152 tenuisse
991 1139 1010 1168 ,
1070 1089 1135 1152 in
1181 1089 1297 1152 hoc
1341 1089 1609 1154 rotundo
1648 1113 1902 1154 numero
1933 1113 2081 1155 usus
2115 1099 2205 1156 est
2220 1118 2239 1170 3
2272 1114 2414 1156 nam
2446 1093 2500 1156 si
2530 1115 2729 1156 annos

705 1215 1127 1292 computamus
1193 1231 1228 1272 a
1288 1209 1625 1273 constituta
1686 1209 2044 1295 hegemonia
2097 1232 2211 1296 ope
2257 1211 2547 1275 Aristidis
2596 1211 2727 1296 (Ol.

709 1327 827 1403 75,
890 1329 932 1390 4
949 1353 967 1404 3
1033 1349 1086 1390 a.
1151 1325 1220 1390 O.
1277 1329 1430 1412 477)
1479 1327 1557 1391 ad
1603 1327 1838 1392 cladem
1883 1329 1947 1392 in
1992 1327 2231 1406 Sicilia,
2282 1351 2465 1413 quam
2513 1339 2729 1394 secuta

708 1453 800 1509 est
845 1447 1146 1510 sociorum
1192 1445 1449 1510 defectio
1497 1445 1622 1530 (Ol.
1675 1449 1787 1524 92,
1840 1450 1905 1525 13
1948 1469 2001 1510 a.
2037 1445 2106 1511 C.
2150 1450 2332 1531 412),
2376 1471 2449 1512 ea
2477 1448 2731 1513 duravit

704 1570 945 1628 tantum
993 1562 1167 1627 LXV
1203 1585 1426 1628 annoS.
1502 1563 1621 1628 Sed
1674 1565 1791 1629 hoc
1838 1572 1909 1629 ut
1955 1565 2392 1644 concedamuS‚
2440 1567 2727 1653 ineptum

706 1688 796 1745 est
843 1681 1009 1765 quod
1055 1681 1204 1746 dicit
1252 1682 1655 1746 Athenienses
1693 1683 2019 1768 imperium
2073 1691 2305 1748 tutatos
2348 1707 2477 1749 esse
2508 1683 2724 1765 ἄνδρας

703 1801 910 1879 φίλους
942 1802 998 1864 ἐν
1029 1808 1163 1870 ταῖς
1195 1800 1396 1867 πόλεσι
1429 1803 1709 1872 ἑκάσταις
1741 1803 2137 1878 κεκτημένους.
2196 1801 2506 1866 Nimirum
2538 1805 2722 1884 Φιλία

702 1920 820 1983 ista
864 1921 929 1983 in
976 1942 1045 1984 eo
1095 1920 1452 1984 cernebatur
1498 1920 1665 2004 quod
1710 1921 2109 2006 popularibus
2150 1923 2720 2007 contra·optimates

700 2038 1015 2116 favebant,
1063 2039 1252 2123 idque
1296 2062 1419 2104 non
1464 2041 1659 2125 magis
1706 2041 1900 2126 gratia
1932 2063 2113 2124 quam
2144 2041 2206 2105 vi
2239 2049 2298 2105 et
2331 2042 2533 2106 armiS.
2583 2041 2722 2105 Pla-

700 2158 862 2221 tonis
910 2165 1110 2222 autcm
1136 2157 1398 2243 judici0,
1434 2158 1601 2242 quod
1625 2158 1853 2242 legitur
1875 2160 1939 2223 in
1964 2159 2205 2244 dialogo
2236 2160 2496 2244 Gorgia,
2532 2161 2723 2224 Athe-

700 2297 918 2340 narum
965 2276 1174 2339 civitas
1192 2325 1210 2353 ,
1260 2275 1522 2340 ducibus
1568 2275 2001 2354 Themistocle,
2052 2275 2303 2342 Cimone
2345 2286 2407 2342 et
2441 2277 2714 2354 Pericle,

699 2417 1084 2480 nequaquam
1130 2394 1264 2460 aliis
1327 2395 1603 2480 exemplo
1651 2397 1911 2481 proponi
1956 2407 2194 2481 poterat
2209 2423 2226 2473 3
2277 2403 2459 2481 atque
2504 2397 2568 2460 in
2602 2397 2720 2460 hoc

699 2514 832 2600 ipso
880 2514 1012 2578 loco
1059 2513 1156 2598 (de
1202 2512 1393 2598 Legg.
1445 2539 1503 2600 p.
1560 2516 1682 2580 701
1733 2517 1819 2594 A,
1868 2515 1943 2599 B)
1991 2515 2167 2580 dicit:
2217 2511 2345 2580 ἀντὶ
2388 2517 2719 2596 ἀριστοκρα-

699 2632 831 2704 τίας
893 2632 949 2696 ἐν
1010 2635 1162 2712 αὐτῇ
1225 2633 1633 2711 θεατροκρατία
1684 2657 1771 2704 τις
1817 2633 2031 2714 πονηροὶ
2076 2635 2351 2710 γέγονεν,
2400 2655 2584 2716 quam
2630 2655 2717 2696 se-

699 2756 843 2816 cuta
889 2758 980 2813 est
1025 2751 1357 2828 παρανομία
1404 2757 1465 2813 et
1508 2750 1934 2830 ἀναισχυντία,
1984 2751 2076 2816 διὰ
2122 2752 2187 2825 δή
2227 2774 2373 2822 τινος
2396 2751 2715 2830 ἐλευθερίας

698 2871 833 2935 λίαν
878 2870 1451 2948 οἱποτετολμκμένης.
1483 2871 1531 2956 ι)

786 3105 984 3171 Venio
1029 3105 1108 3170 ad
1150 3105 1488 3192 Epistolam
1536 3104 1729 3183 VIII,
1785 3127 1845 3190 p.
1894 3108 2023 3169 354
2056 3105 2139 3183 B,
2187 3106 2295 3171 ubi
2326 3105 2402 3170 de
2432 3104 2713 3190 Lycurgo

698 3224 847 3288 haec
905 3225 1229 3309 leguntur:
1292 3225 1481 3296 δείσας
1543 3224 1668 3304 περὶ
1728 3231 1835 3296 τῆς
1896 3225 2073 3289 αὑτοῦ
2135 3225 2356 3296 πόλεως
2416 3249 2555 3302 αμα
2616 3224 2711 3288 καὶ

697 3343 930 3419 γένους,
992 3343 1304 3422 φαρμακον
1363 3344 1650 3419 ἐπήνεγκε
1705 3367 1810 3417 την
1872 3348 1983 3407 τῶν
2042 3343 2319 3421 γερόντων
2361 3343 2551 3423 αρχὴν
2596 3365 2711 3406 και

696 3459 810 3523 τὸν
869 3465 1000 3524 τῶν
1061 3460 1326 3540 ἐφόρων
1372 3462 1637 3538 δεσμὸν
1682 3470 1787 3536 τῆς
1830 3461 2144 3537 βασιλικῆς
2190 3462 2383 3540 ἀρχῆς
2427 3460 2709 3539 σωτήριον.

697 3575 967 3661 Scriptor
1027 3577 1091 3640 in
1153 3576 1249 3640 his
1297 3585 1541 3642 secutus
1590 3586 1679 3642 est
1726 3577 2043 3642 Platonem
2092 3577 2167 3641 de
2211 3576 2403 3662 Legg.
2460 3575 2601 3653 III,
2650 3599 2709 3661 p.

700 3697 824 3758 691
873 3692 960 3773 Ε,
1011 3695 1114 3758 sed
1161 3696 1278 3774 ita,
1331 3704 1401 3760 ut
1445 3697 1521 3761 ab
1569 3697 1699 3781 ejus
1746 3703 1949 3760 mente
1983 3704 2043 3760 et
2074 3673 2375 3760 sententia
2406 3694 2713 3759 aberrasse

695 3813 991 3877 videatur.
1053 3813 1327 3879 Platonis
1375 3815 1557 3880 verba
1593 3815 1742 3879 haec
1784 3824 1961 3879 sunt:
2005 3815 2123 3888 θεὸς
2142 3867 2160 3891 ,
2186 3811 2344 3890 οἶμαι
2364 3865 2382 3889 ,
2408 3813 2712 3892 κηδόμενος

697 3932 851 4008 ὑμῶν
905 3956 992 4003 τις
1019 3983 1033 3998 .
1063 3983 1076 3996 .
1105 3983 1120 3999 .
1168 3933 1394 4011 δίδυμον
1441 3935 1574 4008 ὑμῖν
1619 3933 1924 4015 Φυτεύσας
1969 3936 2073 4008 τὴν
2116 3939 2227 3998 τῶν
2272 3931 2564 4008 βασιλέων
2609 3931 2711 4007 γέ-

763 4206 809 4268 1)
843 4206 919 4258 cf.
954 4207 1013 4257 de
1045 4207 1190 4266 Geor,
1223 4207 1441 4256 Diatribe
1474 4207 1525 4256 iu
1563 4207 1702 4260 Polit.
1738 4207 1927 4257 Platon.
1962 4206 2141 4270 princ„
2183 4223 2229 4272 p.
2266 4206 2329 4255 35
2364 4221 2471 4270 sqq.
