3025 5067
1631 430 1711 488 92

669 629 1020 715 scriptorem
1065 631 1181 695 hoc
1227 631 1423 697 dicere
1455 637 1704 716 puderet
1740 635 2115 719 (αἰσχύνομαι
2145 636 2394 718 λέγειν),
2428 633 2681 699 11111111111

669 754 798 812 erat
856 749 921 811 in
981 748 1094 813 hoc
1140 749 1398 815 dedecus
1415 778 1433 829 3
1483 752 1590 815 sed
1635 753 1989 833 αἰσχύνομαι
2034 760 2107 817 ut
2154 752 2371 817 fortius
2419 751 2675 815 verbum

668 868 874 953 posuit
920 892 1027 954 pro
1073 869 1359 948 αἰδοῦμαι.
1407 872 1482 935 cf.
1534 894 1715 956 supra
1745 894 1804 956 p.
1843 874 1945 935 50.
1995 871 2208 951 Quum
2239 876 2683 935 commemorat

665 978 926 1050 Dionem
973 1009 1008 1051 a
1051 987 1344 1073 Dionysio
1390 990 1455 1053 in
1501 990 1781 1054 exsilium
1828 992 2087 1076 ejectum
2134 1013 2295 1068 esse,
2342 990 2434 1053 his
2469 990 2683 1053 utitur

666 1104 894 1185 verbiS‚
958 1129 1016 1191 p.
1082 1109 1208 1171 316
1270 1108 1362 1171 D:
1425 1112 1490 1173 τὸ
1556 1109 1716 1186 μετὰ
1776 1114 1943 1173 τοῦτο
1998 1107 2104 1173 εἴτ’
2148 1107 2503 1185 ἄνθρωπος
2548 1107 2682 1172 εἴτε

666 1224 815 1296 θεὸς
860 1223 977 1289 εἴτε
1020 1225 1211 1306 τύχη
1259 1252 1346 1297 τις
1391 1228 1553 1304 μετὰ
1595 1232 1695 1292 σοῦ
1744 1228 1933 1293 Δίωνα
1974 1226 2225 1305 ἐξέβαλε
2264 1228 2361 1291 καὶ
2402 1227 2681 1304 ἐλείφθης

665 1341 848 1419 μόνος.
907 1341 1082 1406 Tales
1129 1344 1426 1428 ampullas
1472 1344 1609 1429 quis
1655 1368 1778 1408 non
1825 1344 2062 1408 rideat?
2109 1344 2219 1409 Uti
2251 1352 2455 1408 autem
2484 1342 2681 1407 modo

665 1460 729 1524 in
790 1460 986 1525 verbis
1044 1468 1243 1526 ταῦτα
1297 1463 1404 1539 μὲν
1449 1461 1621 1535 οὕτως
1668 1464 1894 1544 εἰρήσθω
1914 1514 1930 1537 ,
1981 1464 2068 1526 ita
2112 1463 2469 1548 plerumque
2514 1461 2683 1525 solet

663 1579 926 1643 formula
985 1580 1246 1664 quadam
1307 1583 1430 1661 uti,
1496 1605 1619 1666 qua
1678 1583 1753 1647 ab
1798 1605 1923 1647 uno
1970 1589 2327 1667 argumento
2376 1581 2453 1645 ad
2498 1580 2681 1644 aliud

668 1706 964 1776 transeat,
1018 1699 1209 1763 veluti
1248 1723 1306 1786 p.
1350 1703 1474 1766 317
1513 1701 1596 1765 A:
1644 1702 1741 1766 καὶ
1785 1706 2021 1765 ταῦτα
2048 1702 2170 1779 μὲν
2202 1696 2409 1771 οὕτως
2441 1696 2681 1776 ἐγένετο

663 1824 770 1891 τῆς
828 1818 969 1891 ἐμῆς
1030 1819 1108 1890 εἷς
1169 1819 1542 1899 Συρακούσας
1606 1819 1935 1895 ἀποδημίας
1982 1820 2103 1899 πέρι
2149 1827 2252 1892 τῆς
2298 1816 2520 1897 πρώτης
2565 1816 2677 1881 καὶ

605 1986 618 2000 .
662 1941 767 2007 τῆς
813 1934 993 1999 πάλιν
1025 1934 1216 2029 ὀἴκαδε
1253 1938 1555 2017 σωτηρίοις.
1624 1936 1859 2001 Rursus
1899 1960 1959 2022 p.
1994 1939 2121 2001 318
2155 1937 2247 2000 D:
2301 1936 2397 2000 καὶ
2433 1940 2682 2000 ταῦτα

663 2050 786 2129 μὲν
837 2048 1065 2135 ταύτῃ
1116 2054 1240 2133 περὶ
1286 2054 1367 2119 τὰ
1412 2055 1685 2121 πολιτικοὶ
1728 2064 1833 2130 τῆς
1878 2054 2158 2127 κοινωνίας
2208 2056 2340 2139 (pro
2389 2053 2512 2133 περὶ
2558 2059 2679 2127 τῆς

661 2176 771 2234 τῶν
816 2178 1118 2237 πολιτικῶν
1154 2173 1456 2257 κοινωνίαις)
1495 2182 1601 2249 τῆς
1639 2176 1782 2252 ἐμῆς
1820 2175 1918 2238 καὶ
1958 2182 2062 2249 σῆς
2078 2223 2097 2256 ,
2154 2195 2310 2257 quae
2353 2194 2490 2236 mox
2523 2193 2683 2255 pau-

661 2288 792 2353 lum
835 2289 1158 2354 immutata
1199 2291 1422 2393 iterum
1467 2292 1789 2377 leguntur:
1825 2292 1993 2357 ἄλλα
2015 2298 2255 2357 ταῦτα
2277 2290 2407 2368 μὲν
2438 2288 2683 2371 ταύτῃ

661 2408 948 2499 γενόμενα
992 2411 1093 2484 τὴν
1137 2411 1278 2489 ἐμὴν
1324 2410 1422 2475 καὶ
1472 2414 1577 2487 σὴν
1620 2412 1966 2495 λυκοφιλίαν
2009 2410 2103 2477 καὶ
2140 2408 2463 2475 ἀκοινωνίαν
2484 2405 2577 2472 διά
2598 2432 2683 2471 σε

659 2527 1085 2607 ἀπειργάσατο.
1134 2526 1227 2592 Of.
1275 2528 1390 2614 Ep.
1437 2529 1540 2609 H,
1591 2533 1721 2594 314·
1754 2529 1833 2593 O:
1867 2536 2109 2595 ταῦτα
2138 2528 2263 2608 μὲν
2294 2528 2371 2601 δὴ
2403 2524 2677 2607 ταύτῃ,

661 2646 785 2727 περὶ
845 2646 905 2709 δὲ
964 2645 1278 2723 Πολυξένου
1338 2649 1456 2713 κτὲ.
1551 2648 1714 2713 Hinc
1775 2648 2039 2712 formula
2080 2646 2189 2712 illa
2232 2654 2306 2710 ut
2351 2643 2683 2711 Platonica

661 2770 1026 2827 memoratur
1070 2788 1106 2828 a
1151 2764 1516 2843 PlutarchO,
1565 2766 1881 2830 Demosth.
1923 2788 1974 2829 c.
2030 2768 2065 2828 1
2115 2771 2276 2829 extr-z
2324 2763 2422 2829 καὶ
2466 2767 2682 2827 ταῦτα

655 2880 761 2956 μὲν
805 2881 1027 2963 ταύτῃ,
1073 2882 1235 2947 κατὰ
1277 2883 1607 2949 Πλάτωνας
1657 2884 1822 2969 quod
1867 2906 1991 2968 quo
2038 2890 2338 2968 spectaret
2381 2878 2673 2966 fugiebat

657 2997 1223 3083 Wyttenbachium,
1273 3022 1459 3084 quare
1503 3001 1821 3067 Plutarchi
1864 3002 2045 3066 verba
2074 3001 2357 3065 mutilata
2379 2998 2674 3085 putabat.

659 3116 797 3181 Vid.
845 3119 1073 3182 Annot.
1121 3118 1199 3182 ad
1243 3117 1457 3183 Select.
1505 3119 1716 3184 histor.
1765 3143 1823 3205 p.
1874 3122 2001 3183 248
2042 3125 2103 3184 et
2132 3122 2284 3184 424.
2332 3116 2669 3183 Interdum

653 3235 980 3300 transitum
1032 3237 1176 3300 facit
1221 3237 1366 3301 satis
1409 3238 1616 3323 inepte
1630 3287 1649 3316 ,
1697 3245 1768 3301 ut
1810 3245 1952 3323 post
1981 3238 2357 3322 prooemium
2372 3286 2391 3315 ,
2439 3259 2498 3321 p.
2526 3237 2671 3299 316

660 3352 710 3419 C
725 3403 745 3433 ,
795 3377 986 3439 quum
1032 3356 1108 3420 ad
1153 3355 1346 3442 ipsam
1391 3356 1801 3449 defensionem
1848 3340 2105 3433 accedi't,
2155 3355 2307 3421 dicit
2350 3356 2525 3421 haec:
2558 3355 2676 3427 τὴν

657 3470 750 3573 οηῦν
809 3474 998 3555 ἀρχὴν
1051 3470 1122 3539 ὦν
1167 3471 1322 3539 εἶπον
1371 3476 1555 3561 [περὶ]
1603 3474 1874 3556 προτέρων
1920 3476 2092 3540 ἄκουε
2137 3473 2416 3555 πρότερον.
2506 3472 2679 3537 Vult

660 3590 858 3655 dicere
915 3592 1225 3669 „duorum
1287 3594 1651 3659 defensionis
1713 3594 1985 3678 capitum
2044 3592 2109 3656 id
2173 3592 2339 3677 quod
2403 3591 2675 3678 primum

659 3710 872 3794 posui,
944 3711 1208 3794 primum
1275 3712 1479 3776 audi.”
1557 3710 1714 3792 Quis
1784 3734 1906 3776 non
1975 3710 2143 3775 videt
2201 3710 2399 3776 verbis
2459 3733 2677 3796 super-

659 3827 865 3890 vacuis
910 3828 1013 3900 τὺν
1056 3830 1245 3910 ἀρχὴν
1290 3836 1351 3893 et
1388 3830 1511 3911 περὶ
1547 3829 1873 3894 obscurum
1902 3828 2075 3893 reddi
2106 3827 2389 3892 sensum?
2422 3826 2673 3892 Clarius

662 3945 914 4010 dixisset
958 3946 1082 4028 περὶ
1129 3954 1239 4013 τῶν
1285 3948 1559 4029 προτέρων
1602 3944 1691 4013 οὖν
1735 3946 1906 4013 ἄκουε
1942 3946 2223 4028 πρότερον.
2270 3946 2371 4010 Ad
2402 3946 2670 4012 alterum

660 4070 865 4128 autem
926 4064 1292 4131 defensionis
1350 4074 1537 4152 caput
1594 4065 2038 4150 transgreditur
2097 4065 2209 4129 hac
2254 4065 2551 4143 formula,
2602 4089 2667 4151 p.

663 4184 791 4247 318
853 4182 940 4246 E:
987 4184 1197 4264 σχεδὸν
1242 4185 1290 4249 δ’
1335 4186 1413 4256 εἰς
1458 4184 1633 4262 λόγον
1677 4186 1705 4250 ὅ
1750 4184 1923 4262 λόγος
1967 4184 2088 4260 ἥκει
2132 4208 2229 4263 μοι
2282 4182 2533 4265 ξυνεχὴς
2583 4186 2668 4268 τῷ
