3025 5067
1275 428 1392 494 145

317 656 450 700 non
495 646 620 701 tam
663 635 1006 722 ignorantia
1050 636 1146 700 vel
1189 637 1428 701 incuria
1475 659 1657 721 quam
1703 638 1844 702 odio
1879 647 1937 702 et
1967 640 2165 724 gratia
2194 637 2339 704 duc-

317 764 442 820 tuS.
534 756 692 820 'Pota
750 755 913 820 enim
969 756 1225 840 epistola
1281 765 1485 842 aperte
1532 757 1758 841 scripta
1816 769 1908 821 est
1968 757 2046 822 ad
2106 759 2341 843 vitupe-

315 876 584 939 randum
638 875 1037 960 Dionysium,
1085 874 1461 940 laudandum
1509 876 1808 955 Dionem,
1856 879 2115 942 maxime
2160 900 2300 942 vero
2316 928 2337 955 ,

319 994 401 1057 ad
447 993 861 1058 extollendum
907 993 1245 1058 Platonem.

415 1111 600 1192 Quod
647 1113 722 1177 ad
769 1112 1136 1197 Dionysium
1183 1113 1401 1176 attinet
1417 1162 1436 1190 ,
1485 1114 1602 1176 etsi
1645 1114 1821 1179 facile
1866 1112 2168 1179 credimus
2200 1137 2339 1179 eum

319 1231 610 1296 maluisse
667 1230 917 1296 doctum
970 1231 1162 1294 videri
1207 1253 1392 1314 quam
1441 1254 1567 1295 esse
1585 1282 1602 1309 ,
1652 1239 1854 1296 tamen
1899 1255 2098 1317 neque
2141 1234 2339 1315 ἀφυὴς

316 1349 439 1413 fuit
453 1400 471 1428 ,
518 1359 592 1414 ut
637 1351 770 1436 ipsa
819 1349 1075 1434 epistola
1128 1350 1356 1413 fatetur
1372 1399 1390 1427 ,
1442 1373 1553 1413 nec
1600 1357 1724 1414 tam
1771 1352 2123 1423 ἀπαίδευτος
2156 1373 2337 1435 quam

317 1467 496 1532 Plato
545 1493 685 1534 eum
733 1470 916 1534 fuisse
967 1469 1175 1534 scribit
1189 1496 1208 1548 3
1258 1470 1436 1533 cuius
1468 1470 1557 1533 rei
1590 1479 1946 1554 argumento
1978 1493 2106 1534 esse
2136 1478 2341 1555 potest

316 1588 700 1652 consuetudo
761 1611 917 1673 quae
985 1589 1040 1652 ci
1086 1611 1222 1652 cum
1274 1587 1603 1666 Helicone,
1664 1589 2007 1674 Aristipp0‚
2070 1589 2339 1674 Archyta

319 1707 578 1791 aliisque
617 1707 1012 1792 Pythagoreis
1057 1708 1174 1770 fuit
1186 1734 1204 1784 3
1241 1719 1423 1790 atque
1456 1707 1507 1769 si
1539 1708 1702 1791 ipse,
1736 1717 1808 1771 ut
1840 1708 2096 1792 epistola
2119 1731 2338 1772 memo-

317 1836 450 1905 rat,
497 1827 722 1890 librum
769 1827 844 1891 de
890 1826 1277 1912 philosophia
1323 1827 1600 1912 scripsit,
1648 1827 1713 1890 id
1760 1849 1904 1890 sane
1949 1827 2165 1912 probat
2196 1850 2336 1904 eum

315 1967 443 2009 non
501 1946 588 2010 ita
639 1946 852 2011 leviter
895 1969 1021 2010 rem
1071 1947 1361 2030 attigisse.
1453 1943 1676 2030 Neque
1722 1967 1863 2010 vero
1911 1945 2233 2025 credibile,
2284 1939 2341 2012 si

316 2063 647 2148 Dionysius
709 2073 834 2128 tam
893 2065 1125 2128 alienus
1187 2066 1399 2128 fuisset
1463 2087 1498 2127 a
1542 2065 1967 2150 philosophia,
2014 2065 2335 2128 Platonem

314 2192 424 2246 aut
500 2185 720 2247 iterum
791 2183 1114 2269 Syracusas
1185 2185 1525 2269 profectum
1594 2191 1700 2248 aut
1760 2193 1886 2248 tam
1926 2185 2032 2248 diu
2092 2183 2156 2247 in
2203 2185 2333 2247 eius

314 2301 460 2364 aula
503 2310 940 2366 commoratum
980 2302 1204 2380 fuissc3
1255 2302 1419 2386 quod
1468 2310 1711 2388 tempus
1759 2323 1883 2366 non
1931 2325 2108 2366 omne
2154 2302 2334 2386 nugis

313 2426 378 2482 et
417 2420 636 2504 jurgiis
682 2428 1056 2486 transactum
1077 2471 1094 2499 ,
1145 2420 1252 2485 sed
1297 2423 1519 2506 partim
1568 2429 1729 2486 certe
1774 2422 2216 2486 mathematicis
2270 2429 2333 2485 et

312 2538 577 2623 politicis
623 2539 804 2604 rebus
851 2539 1225 2625 impertitum
1273 2540 1460 2604 fuisse
1504 2541 1638 2625 ipsa
1685 2539 1941 2624 epistola
1988 2540 2219 2603 indicat
2274 2548 2335 2604 et

313 2657 558 2744 diserte·
584 2657 886 2722 affirmant
928 2657 1224 2721 historici.
1321 2657 1463 2721 Vid.
1520 2657 1635 2743 Ep.
1685 2657 1847 2735 VII,
1899 2659 2025 2720 332
2075 2657 2147 2721 E.
2196 2658 2329 2736 III,

309 2798 372 2860 p.
424 2777 552 2838 319
601 2777 655 2840 B
699 2775 780 2855 O,
832 2784 893 2841 et
939 2779 1068 2840 316
1119 2779 1194 2840 A.
1243 2775 1553 2841 Plutarch.
1604 2776 1787 2841 Dion.
1840 2799 1889 2841 c.
1946 2779 2043 2842 13.

403 2893 589 2976 Quod
645 2904 848 2960 autem
903 2896 982 2960 ad
1025 2896 1162 2960 lites
1209 2895 1578 2982 Dionysium
1623 2897 1783 2961 inter
1830 2905 1893 2961 et
1938 2895 2203 2960 Dionem
2249 2903 2335 2960 at-

307 3014 501 3093 tinet,
551 3015 812 3100 epistola
863 3038 1102 3080 omnem
1135 3017 1379 3101 culpam
1411 3017 1477 3080 in
1507 3025 1838 3101 tyrannum
1870 3017 2135 3095 confert,
2169 3017 2336 3100 quod

308 3140 465 3198 esset
523 3133 856 3198 invidiosus
874 3184 892 3212 ,
958 3136 1242 3220 suspicax
1260 3185 1278 3215 ,
1328 3135 1839 3200 calumniatorum
1887 3135 2150 3199 susurris
2195 3135 2337 3198 faci-

305 3252 400 3315 les
449 3275 622 3316 aures
669 3253 984 3337 praebenS.
1034 3255 1308 3340 Apparet
1349 3261 1554 3318 tamen
1588 3254 1824 3331 ambos,
1852 3254 1979 3338 jam
2013 3260 2335 3336 antequam

305 3377 591 3434 mortuus
653 3378 744 3434 est
806 3369 1139 3455 Dionysius
1207 3379 1411 3456 pater,
1483 3372 1559 3437 de
1629 3371 1974 3456 principatu
2043 3372 2203 3434 inter
2271 3393 2332 3434 se

303 3489 690 3554 contendisse
708 3540 726 3568 ,
807 3499 868 3553 et-
929 3491 1204 3574 quamvis
1264 3488 1384 3554 Dio
1431 3490 1741 3574 praeclara
1786 3490 1972 3554 fuerit
2018 3488 2224 3553 indole
2270 3495 2333 3552 et

305 3607 545 3690 magnis
603 3607 834 3692 ingenii
893 3608 1202 3691 animique
1262 3607 1592 3671 virtutibus
1638 3607 1951 3692 praeditus
1969 3657 1987 3685 ,
2037 3606 2197 3671 idem
2244 3613 2334 3670 ta-

303 3747 449 3788 men
511 3732 638 3789 erat
696 3726 943 3789 honoris
1005 3726 1266 3812 cupidus
1321 3733 1382 3790 et
1427 3727 1502 3790 ad
1552 3727 1975 3812 imperandum
2022 3749 2205 3810 quam
2253 3726 2330 3792 ad

301 3844 642 3930 parendum
687 3845 1032 3929 proclivior.
1107 3844 1401 3932 Superbia
1449 3847 1580 3910 eius
1628 3853 1689 3909 et
1733 3846 2011 3910 αὐθαδείοι
2056 3844 2331 3927 tangitur

298 3963 370 4025 in
416 3961 694 4046 Epistola
738 3961 832 4025 IV
881 3963 994 4027 sub
1043 3964 1259 4028 finem:
1318 3965 1555 4040 ἐνθυμοῦ
1604 3964 1662 4027 δὲ
1708 3963 1807 4027 καὶ
1854 3960 1939 4028 ὅτι
1972 3962 2149 4034 δοκεῖς
2181 3962 2327 4026 τισὶν

303 4079 664 4162 ἐνδεεστέρως
739 4086 839 4147 τοῦ
909 4083 1278 4161 προσήκοντος
1347 4081 1752 4161 θεραπευτικὸς
1822 4077 1962 4145 εἶναι
1984 4101 1999 4115 ·
2082 4081 2166 4158 μὴ
2235 4076 2326 4144 οὖν

303 4199 636 4263 λανθανέτω
703 4224 771 4264 σε
785 4249 804 4276 ,
895 4198 978 4264 ὅτι
1050 4201 1144 4264 διὰ
1204 4206 1305 4265 τοῦ
1365 4199 1620 4279 ἀρέσκειν
1685 4205 1802 4270 τοῖς
1872 4198 2173 4278 ἀνθρώποις
2225 4199 2324 4263 καὶ

2012 4317 2088 4373 10
