3025 5067
1667 419 1790 478 208

690 623 815 687 ‘ita
880 631 1223 710 comparata
1290 632 1435 688 sunt
1502 631 1574 687 ut
1633 622 1912 709 Pythiam
1965 623 2170 707 potius
2239 644 2418 707 quam
2465 620 2744 707 philoso-

727 742 918 829 phum
981 743 1191 808 audire
1252 752 1313 807 te
1374 741 1600 807 credas.
1694 741 1876 821 Quod
1934 742 2110 807 initio
2173 741 2398 807 dicitur
2439 742 2506 806 τὸ
2550 741 2746 823 σφαί-

721 887 860 943 ριον,
912 861 1061 947 quid
1106 862 1437 946 significet,
1486 861 1832 925 obscurum.
1924 859 2246 925 Probabile
2308 860 2556 945 opinor,
2613 860 2746 943 sig-

723 982 955 1045 nificari
1028 1003 1151 1046 non
1219 981 1406 1066 pilam
1421 1030 1439 1059 ,
1503 987 1719 1045 notum
1779 976 2034 1057 ludum,
2098 986 2170 1043 ut
2233 978 2521 1043 Cornario
2569 977 2746 1041 vide-

725 1099 903 1163 batur
946 1096 1177 1192 (Eclog.
1226 1098 1355 1178 IX,
1403 1123 1488 1184 p..
1517 1100 1696 1183 134),
1746 1097 1851 1162 sed
1896 1098 2213 1184 sphaeram
2246 1097 2740 1162 astronomicam.

722 1218 941 1303 Itaque
1011 1225 1239 1303 spectat
1301 1219 1394 1281 his
1457 1217 1652 1283 verbis
1712 1224 1870 1282 tecte
1885 1267 1904 1295 ,
1974 1225 2048 1281 ut
2108 1218 2268 1282 inter
2329 1217 2549 1281 amicos
2566 1214 2593 1293 ‚'
2650 1214 2742 1278 ad

723 1337 1000 1429 Dionysii
1061 1314 1331 1401 studium
1394 1337 1784 1421 geometrices
1801 1386 1820 1414 ,
1885 1358 2008 1421 qua
2062 1335 2350 1400 imbuisse
2396 1358 2533 1399 eum
2579 1335 2744 1397 fere·

723 1456 903 1520 batur
946 1455 1124 1520 Plato
1150 1456 1335 1546 -(νί(1..Γ
1362 1456 1478 1541 Ep.
1525 1454 1657 1533 III,
1707 1480 1766 1540 p.
1815 1458 1940 1519 319
1987 1454 2080 1540 C).
2127 1454 2248 1519 Sed
2279 1453 2579 1538 quidquid
2609 1454 2743 1538 sig-

642 1575 647 1581 ’
680 1631 685 1637 .
719 1575 951 1654 nificat,
984 1582 1152 1660 patet
1184 1575 1297 1639 hoc
1330 1574 1606 1639 additum
1639 1598 1796 1653 esse,
1822 1582 1895 1640 ut
1915 1574 2224 1659 Epistolae
2248 1574 2558 1638 familiaris
2581 1594 2738 1636 con-

720 1694 1060 1758 suetudinis
1122 1694 1286 1759 color
1346 1693 1762 1771 induceretur,
1813 1703 1883 1758 ut
1927 1701 2088 1759 recte
2132 1695 2420 1779 opinatur
2468 1694 2692 1756 Astius
2711 1743 2734 1769 ‚

722 1811 875 1876 libro
922 1812 1087 1876 laud.
1136 1836 1194 1898 p.
1246 1814 1394 1875 513.

807 1928 981 2010 Quae
1012 1938 1213 1996 autem
1246 1930 1527 2015 deinceps
1565 1930 1886 2015 leguntur:
1927 1929 2053 2007 περὶ
2089 1930 2186 1994 τὸν
2209 1930 2438 1995 πάντων
2460 1928 2737 2007 βασιλέα

716 2048 893 2115 πάντ’
934 2049 1056 2114 ἐπὶ
1102 2050 1199 2114 καὶ
1248 2050 1454 2115 ἐκείνου
1500 2048 1668 2113 ἕνεκα.
1697 2049 1900 2113 πάντα
1915 2098 1932 2130 ,
1977 2048 2075 2113 καὶ
2115 2049 2287 2114 ἐκεῖνο
2329 2048 2504 2113 αἴτιον
2535 2046 2739 2111 ἁπάν-

713 2192 825 2231 των
875 2174 985 2233 τῶν
1043 2173 1236 2232 καλῶν
1252 2190 1265 2204 ·
1329 2168 1578 2247 δεύτερον
1637 2168 1694 2231 δὲ
1755 2167 1880 2247 περὶ
1936 2168 2018 2231 τὰ
2080 2166 2345 2246 δεύτερα,
2393 2167 2490 2229 καὶ
2536 2164 2736 2245 τρίτον

713 2286 836 2363 περὶ
868 2285 949 2349 τοὶ
992 2286 1161 2367 τρίτα
1180 2334 1195 2362 ,
1240 2286 1305 2349 in
1350 2285 1445 2348 his
1495 2286 1715 2349 ultima
1755 2284 1938 2349 verba
1967 2290 2198 2347 attente
2227 2282 2568 2367 legentibus
2599 2284 2694 2346 ita
2712 2334 2732 2360 ‚

712 2404 926 2487 opinor
942 2453 959 2481 ‚
1021 2403 1387 2487 corrigenda·
1434 2402 1824 2480 videbuntur,
1889 2408 2124 2466 mutato
2187 2408 2476 2465 accentu:
2535 2400 2602 2463 τὸ
2665 2402 2735 2465 δὲ

711 2520 960 2599 δεύτερον
1005 2520 1127 2601 πέρι
1172 2524 1252 2586 τὰ
1298 2521 1569 2603 δεύτεραι,
1622 2521 1719 2585 καὶ
1766 2521 1832 2585 τὸ
1871 2522 2053 2600 τρίτον
2084 2520 2207 2600 πέρι
2236 2521 2319 2585 τὰ
2347 2520 2550 2601 τρίτοις
2597 2542 2736 2602 qua

709 2639 941 2703 ratione
987 2639 1133 2703 haec
1176 2640 1548 2705 conveniunt
1593 2662 1732 2703 cum
1781 2662 2130 2724 praegresso
2177 2640 2300 2720 περὶ
2346 2640 2440 2705 τὸν
2487 2638 2733 2703 πάντων

708 2756 967 2834 βασιλέα
1042 2759 1173 2843 (qui
1251 2758 1410 2823 idem
1488 2768 1578 2822 est
1650 2732 1830 2841 atque
1852 2758 1952 2840 ft&
2025 2760 2260 2841 πρῶτον)
2324 2756 2498 2821 πάντ’
2541 2757 2728 2823 ἐστίν.

710 2874 827 2941 Cui
886 2878 1213 2967 mutationi
1260 2877 1634 2961 suffragatur
1676 2876 1716 2939 J
1717 2877 1962 2940 ustinus
2017 2875 2280 2961 Martyr,
2343 2876 2449 2959 qui
2501 2876 2731 2939 ultima

710 2994 889 3057 verba
944 3001 1183 3058 mutato
1252 2994 1465 3059 ordine
1541 2996 1628 3058 sic
1695 2996 1876 3059 citat:
1945 2995 2030 3059 τὰ
2096 2995 2154 3059 δὲ
2221 2994 2392 3075 τρίτοι
2458 2994 2579 3074 περὶ
2648 2995 2728 3057 τὸ

708 3113 908 3191 τρίτον.
980 3111 1203 3177 Sensus
1249 3113 1349 3176 hic
1398 3120 1524 3177 est:
1575 3120 1750 3191 „tres
1792 3119 1936 3176 sunt
1983 3112 2420 3198 principiorum
2452 3110 2723 3195 gradus:

708 3230 937 3316 primus
999 3230 1420 3315 complectitur
1479 3237 1701 3295 cuncta
1759 3232 1842 3296 τὰ
1901 3231 2098 3308 καλοὶ,
2163 3251 2421 3313 quorum
2466 3228 2615 3294 deus
2667 3250 2725 3293 s.

705 3349 771 3413 τὸ
815 3356 1027 3430 πρῶτον
1073 3372 1255 3414 causa
1301 3358 1393 3414 est
1444 3357 1505 3413 et
1549 3350 1914 3436 principium
1931 3376 1948 3427 3
1998 3349 2152 3413 alter
2194 3371 2289 3413 res
2335 3347 2584 3413 secundi
2620 3370 2727 3412 or-

708 3467 866 3531 dinis
884 3516 903 3545 ,
952 3490 1210 3553 quarum
1256 3468 1627 3554 principium
1672 3474 1764 3531 est
1806 3467 1873 3532 τὸ
1905 3468 2190 3547 Beth-spon
2238 3467 2454 3531 tertius
2491 3488 2582 3529 res
2620 3466 2726 3529 in-

706 3584 834 3648 fimi
872 3584 1131 3666 ordinis,
1178 3608 1437 3677 quarum
1479 3586 1855 3672 principium
1895 3592 1986 3649 est
2016 3586 2082 3650 τὸ
2111 3566 2360 3665 wli-ovs
2426 3584 2722 3649 Ceterum

706 3702 854 3768 haec
893 3704 978 3787 ,δι’
1022 3706 1304 3784 αἰνιγμῶν
1350 3705 1670 3770 enuntiata
1713 3705 1846 3790 ipsa
1891 3704 2256 3769 obscuritate
2301 3703 2719 3769 celebritatem

705 3829 882 3886 nacta
940 3830 1100 3887 sunt.
1194 3821 1487 3887 Certatim
1550 3823 1714 3887 hunc
1773 3822 1977 3887 locum
2039 3831 2162 3887 una
2216 3844 2354 3885 cum
2400 3822 2588 3886 altero
2633 3845 2720 3887 ex

704 3939 981 4025 Epistola
1040 3939 1167 4017 VI,
1233 3962 1412 4024 quem
1474 3948 1615 4004 mox
1678 3940 1916 4004 afferam
1935 3991 1952 4019 ,
2018 3940 2346 4004 laudarunt
2404 3940 2717 4007 Ecclesiae

706 4058 913 4135 Patres
931 4107 948 4136 ‚
995 4057 1035 4120 J
1038 4059 1277 4123 ustinus
1324 4059 1592 4144 Martyr,
1643 4058 2060 4144 Athenagoras
2078 4110 2096 4137 ,
2131 4058 2408 4124 Clemens
2448 4059 2718 4125 Alexan-

706 4176 946 4255 drinus,
994 4176 1325 4255 EusebiuS,
1375 4176 1670 4263 cyrillus,
1721 4179 1858 4256 alii,
1909 4180 2016 4261 qui
2061 4179 2175 4243 sub
2219 4178 2312 4241 his
2343 4178 2538 4242 verbis
2570 4179 2718 4243 sub·
