3025 5067
1575 414 1700 475 250

1584 619 1695 683 IV.

727 850 1143 938 Epistolarum
1188 854 1640 919 Platoniearum
1688 855 1880 920 VII³¹¹¹
1929 865 2131 919 statuo
2180 879 2307 919 esse
2355 854 2648 938 antiquis-

636 971 882 1050 simam,
932 980 1158 1037 ceteras
1204 974 1521 1058 plerasque
1567 998 1640 1039 ex
1685 976 1799 1038 hoo
1847 975 2014 1039 velut
2056 975 2223 1038 fonte
2269 996 2596 1037 emanasse.

1587 1212 1664 1277 V.

719 1422 1031 1509 Immerito
1078 1446 1467 1512 Hermannus
1515 1448 1591 1513 de
1631 1449 1904 1513 Platonis
1929 1448 2414 1533 peregrinatione
2438 1447 2642 1530 Mega-

629 1562 791 1625 rensi
850 1564 937 1626 sie
992 1564 1259 1648 judicat:
1309 1566 1549 1643 „dieser
1595 1567 1960 1631 Aufenthalt
2005 1568 2069 1631 in
2115 1567 2367 1651 Megara
2413 1588 2532 1629 war
2578 1588 2642 1628 es

627 1702 781 1764 ganz
823 1674 1175 1767 vorziiglicli
1190 1733 1208 1762 ‚
1259 1684 1366 1748 der
1408 1685 1588 1749 Plato
1632 1686 1748 1749 mit
1786 1686 1924 1750 dem
1973 1684 2381 1771 eigentlichen
2412 1684 2642 1748 Stande

629 1798 735 1861 der
797 1799 1188 1866 Griechische
1234 1802 1627 1887 Speculation
1645 1854 1664 1883 ,
1729 1804 1855 1868 und
1909 1804 2285 1889 demgemass
2325 1803 2452 1867 =mit
2498 1802 2640 1865 dem

628 1918 869 1982 wahren
930 1919 1323 1985 Bedfirfnisse
1385 1922 1490 1985 des
1557 1922 2093 2008 philosophisohen
2159 1921 2398 1986 Geistes
2445 1922 2644 1984 seiner

517 2132 522 2139 .
629 2035 761 2099 Zeit
803 2039 994 2102 naher
1039 2039 1309 2105 bekannt
1353 2035 1656 2105 maehte.”
1725 2040 1868 2104 Vid.
1919 2040 2058 2105 libr.
2108 2039 2276 2104 laud.
2325 2061 2384 2124 p.
2435 2041 2540 2101 46.

1577 2278 1692 2342 VI.
1723 2286 1728 2291 '

721 2514 1039 2577 Assentior
1095 2512 1619 2598 MorgensterniO,
1669 2513 1746 2577 de
1790 2513 2031 2577 Platon.
2079 2512 2230 2598 Rep.
2280 2536 2339 2597 p.
2393 2514 2472 2577 73
2513 2532 2647 2594 sqq.

633 2629 1103 2715 Aristophanem
1151 2632 1215 2695 in
1268 2631 1703 2695 Ecclesiazusis
1749 2632 1952 2695 risisse
1997 2630 2272 2695 Platonis
2318 2630 2648 2694 Πολιτείαν.

1563 2868 1712 2933 VH.

720 3101 945 3167 Errant
1007 3104 1114 3187 qui
1172 3104 1304 3175 τοὺς
1360 3103 1561 3169 ἕνδεκα
1621 3104 1738 3169 sub
1798 3105 2054 3189 triginta
2113 3104 2393 3189 tyrannis
2456 3102 2649 3165 alium

632 3222 1055 3305 magistratum
1078 3222 1264 3286 fuisse
1296 3224 1676 3288 contendunt
1707 3234 1890 3308 atque
1921 3225 2052 3295 τοὺς
2075 3220 2277 3287 ἕνδεκα
2310 3220 2426 3286 sub
2459 3201 2652 3285 libera

633 3339 966 3425 republica.

1542 3577 1726 3641 VIH.

724 3812 1041 3876 Assentior
1086 3812 1313 3877 Groteo
1344 3820 1572 3878 eontra·
1587 3813 1666 3877 K.
1701 3814 1778 3877 O.
1797 3812 2186 3879 'Muellerum
2218 3812 2649 3889 contendenti,

632 3928 884 4012 Spartae
945 3929 1231 3994 instituta
1284 3953 1407 3994 non
1454 3953 1838 3997 communem
1883 3932 2280 3997 Doriensium
2295 3982 2314 4011 ,
2365 3931 2472 3995 sed
2517 3953 2657 4016 pro-

634 4048 838 4133 prium
884 4046 1321 4132 Spartanorum
1364 4072 1594 4115 morem
1635 4062 1696 4115 et
1741 4050 2008 4115 indolem
2055 4050 2298 4116 referre.
2371 4048 2539 4114 Hist.
2589 4050 2660 4113 of

632 4166 843 4234 Greee.
890 4164 988 4246 II,
1037 4189 1095 4251 p.
1143 4168 1294 4231 341.
